<?xml version="1.0" encoding="UTF-8"?>
<collection xmlns="http://www.loc.gov/MARC21/slim">
<record>
  <leader>00000ccm a2200000   4500</leader>
    <controlfield tag="001">00000993000232</controlfield>
    <controlfield tag="005">20140122084946.0</controlfield>
    <datafield tag="028" ind1="2" ind2="0">
        <subfield code="a">(1320)</subfield>
    </datafield>
    <datafield tag="035" ind1=" " ind2=" ">
        <subfield code="a">Neu 233</subfield>
    </datafield>
    <datafield tag="100" ind1="1" ind2=" ">
        <subfield code="a">Mozart, Wolfgang Amadeus</subfield>
        <subfield code="d">1756-1791</subfield>
        <subfield code="0">115324</subfield>
    </datafield>
    <datafield tag="240" ind1="1" ind2="0">
        <subfield code="a">Concertos</subfield>
        <subfield code="m">cor, orch</subfield>
        <subfield code="n">KV. 447</subfield>
        <subfield code="r">E|b</subfield>
        <subfield code="0">40000014</subfield>
    </datafield>
    <datafield tag="245" ind1="1" ind2="0">
        <subfield code="a">Hornkonzert</subfield>
    </datafield>
    <datafield tag="490" ind1="1" ind2="0">
        <subfield code="a">A/I</subfield>
    </datafield>
    <datafield tag="593" ind1="1" ind2="0">
        <subfield code="a">print</subfield>
    </datafield>
    <datafield tag="597" ind1="1" ind2="0">
        <subfield code="a">s.l., s.n.</subfield>
    </datafield>
    <datafield tag="710" ind1=" " ind2=" ">
        <subfield code="a">s.n.</subfield>
        <subfield code="0">40009305</subfield>
        <subfield code="4">pbl</subfield>
    </datafield>
    <datafield tag="852" ind1="1" ind2="0">
        <subfield code="a">D-DT</subfield>
        <subfield code="q">Signatur: Mus-n 745 Stimmen (+ hs. Stimmen)</subfield>
        <subfield code="x">30000727</subfield>
    </datafield>
</record>