
<record>
    <leader>00000ccm a2200000   4500</leader>
    <controlfield tag="001">00000993000230</controlfield>
    <controlfield tag="005">20140122084946.0</controlfield>
    <datafield tag="035" ind1=" " ind2=" ">
        <subfield code="a">Neu 231</subfield>
    </datafield>
    <datafield tag="100" ind1="1" ind2=" ">
        <subfield code="a">Mozart, Wolfgang Amadeus</subfield>
        <subfield code="d">1756-1791</subfield>
        <subfield code="0">115324</subfield>
    </datafield>
    <datafield tag="240" ind1="1" ind2="0">
        <subfield code="a">Masonic music</subfield>
        <subfield code="m">V, pf</subfield>
        <subfield code="0">40000122</subfield>
    </datafield>
    <datafield tag="245" ind1="1" ind2="0">
        <subfield code="a">(Die ihr des unermeslichen Weltalls Schöpfer ehrt) [Kantate] In Musik gesezzt vom Hrn. W. A. Mozart, Kapellm. und k. k. Kammerkompos. [Kopftitel]</subfield>
    </datafield>
    <datafield tag="260" ind1=" " ind2=" ">
        <subfield code="c">1799</subfield>
    </datafield>
    <datafield tag="490" ind1="1" ind2="0">
        <subfield code="a">A/I</subfield>
    </datafield>
    <datafield tag="593" ind1="1" ind2="0">
        <subfield code="a">print</subfield>
    </datafield>
    <datafield tag="597" ind1="1" ind2="0">
        <subfield code="a">[Hamburg], s.n.</subfield>
    </datafield>
    <datafield tag="710" ind1=" " ind2=" ">
        <subfield code="a">s.n.</subfield>
        <subfield code="0">40009305</subfield>
        <subfield code="4">pbl</subfield>
    </datafield>
    <datafield tag="852" ind1="1" ind2="0">
        <subfield code="a">D-Mbs</subfield>
        <subfield code="q">Signatur: Ph. pr. 1282 Singst. mit Klavier Umfang: 8 S. (Faltblätter). Am Schluß eingebunden an: LEHRE vom richtigen Verhältniß zu den Schöpfungswerken und die durch öffentliche Einführung derselben allein zu bewürkende allgemeine Menschenbeglückung. Hera</subfield>
        <subfield code="x">30000882</subfield>
    </datafield>
</record>