
<record>
    <leader>00000ccm a2200000   4500</leader>
    <controlfield tag="001">00000993000231</controlfield>
    <controlfield tag="005">20140122084946.0</controlfield>
    <datafield tag="035" ind1=" " ind2=" ">
        <subfield code="a">Neu 232</subfield>
    </datafield>
    <datafield tag="100" ind1="1" ind2=" ">
        <subfield code="a">Mozart, Wolfgang Amadeus</subfield>
        <subfield code="d">1756-1791</subfield>
        <subfield code="0">115324</subfield>
    </datafield>
    <datafield tag="240" ind1="1" ind2="0">
        <subfield code="a">Operas</subfield>
        <subfield code="m">pf</subfield>
        <subfield code="0">40000025</subfield>
    </datafield>
    <datafield tag="245" ind1="1" ind2="0">
        <subfield code="a">OUVERTURE de L'Opera L'enlevement du Serail (Die Entführung) par W. A. Mozart</subfield>
    </datafield>
    <datafield tag="490" ind1="1" ind2="0">
        <subfield code="a">A/I</subfield>
    </datafield>
    <datafield tag="593" ind1="1" ind2="0">
        <subfield code="a">print</subfield>
    </datafield>
    <datafield tag="597" ind1="1" ind2="0">
        <subfield code="a">Leipzig, Breitkopf &amp; Härtel</subfield>
    </datafield>
    <datafield tag="710" ind1=" " ind2=" ">
        <subfield code="a">Breitkopf &amp; Härtel</subfield>
        <subfield code="0">40001558</subfield>
        <subfield code="4">pbl</subfield>
    </datafield>
    <datafield tag="852" ind1="1" ind2="0">
        <subfield code="a">D-Mbs</subfield>
        <subfield code="q">Signatur: 4 Mus. pr. 63881 pf Umfang: 8 S.</subfield>
        <subfield code="x">30000882</subfield>
    </datafield>
</record>