
<record>
    <leader>00000ccm a2200000   4500</leader>
    <controlfield tag="001">00000993000085</controlfield>
    <controlfield tag="005">20140922135217.0</controlfield>
    <datafield tag="028" ind1="2" ind2="0">
        <subfield code="a">1641</subfield>
    </datafield>
    <datafield tag="035" ind1=" " ind2=" ">
        <subfield code="a">Neu 85</subfield>
    </datafield>
    <datafield tag="100" ind1="1" ind2=" ">
        <subfield code="a">Mozart, Wolfgang Amadeus</subfield>
        <subfield code="d">1756-1791</subfield>
        <subfield code="0">115324</subfield>
    </datafield>
    <datafield tag="240" ind1="1" ind2="0">
        <subfield code="a">Singspiele</subfield>
        <subfield code="m">pf 4hands</subfield>
        <subfield code="0">40000008</subfield>
    </datafield>
    <datafield tag="245" ind1="1" ind2="0">
        <subfield code="a">Melodien aus der Zauberflöte ... zu vier Händen für Piano-Forte eingerichtet von Latour</subfield>
    </datafield>
    <datafield tag="246" ind1="1" ind2="0">
        <subfield code="a">[previous entry:] VI Deutsche Taenze aus der Opera Die Zauberflöte, für das Klavier</subfield>
    </datafield>
    <datafield tag="490" ind1="1" ind2="0">
        <subfield code="a">A/I</subfield>
    </datafield>
    <datafield tag="593" ind1="1" ind2="0">
        <subfield code="a">print</subfield>
    </datafield>
    <datafield tag="597" ind1="1" ind2="0">
        <subfield code="a">Berlin, F. S. Lischke</subfield>
    </datafield>
    <datafield tag="710" ind1=" " ind2=" ">
        <subfield code="a">Lischke, Ferdinand Samuel</subfield>
        <subfield code="0">40006756</subfield>
        <subfield code="4">pbl</subfield>
    </datafield>
    <datafield tag="775" ind1=" " ind2=" ">
        <subfield code="w">00000990043597</subfield>
    </datafield>
    <datafield tag="852" ind1="1" ind2="0">
        <subfield code="a">D-KWbeer</subfield>
        <subfield code="x">30076859</subfield>
    </datafield>
</record>