
<record>
    <leader>00000ccm a2200000   4500</leader>
    <controlfield tag="001">00000993000059</controlfield>
    <controlfield tag="005">20140922135206.0</controlfield>
    <datafield tag="035" ind1=" " ind2=" ">
        <subfield code="a">Neu 59</subfield>
    </datafield>
    <datafield tag="100" ind1="1" ind2=" ">
        <subfield code="a">Mozart, Wolfgang Amadeus</subfield>
        <subfield code="d">1756-1791</subfield>
        <subfield code="0">115324</subfield>
    </datafield>
    <datafield tag="240" ind1="1" ind2="0">
        <subfield code="a">Sonatas</subfield>
        <subfield code="m">clav, pf (clav)</subfield>
        <subfield code="r">B|b</subfield>
        <subfield code="0">40000016</subfield>
    </datafield>
    <datafield tag="245" ind1="1" ind2="0">
        <subfield code="a">Sonate [B] pour le Clavecin ou Piano Forte composée par W: A: Mozart</subfield>
    </datafield>
    <datafield tag="246" ind1="1" ind2="0">
        <subfield code="a">[previous entry:] Sonate [B] pour le forte-piano, composé par Mozart. Œuvre 62|m|e</subfield>
    </datafield>
    <datafield tag="490" ind1="1" ind2="0">
        <subfield code="a">A/I</subfield>
    </datafield>
    <datafield tag="593" ind1="1" ind2="0">
        <subfield code="a">print</subfield>
    </datafield>
    <datafield tag="597" ind1="1" ind2="0">
        <subfield code="a">à Vienne, Hoffmeister &amp; Comp.; à Leipsic, Bureau de Musique</subfield>
    </datafield>
    <datafield tag="710" ind1=" " ind2=" ">
        <subfield code="a">Hoffmeister, Franz Anton</subfield>
        <subfield code="0">40005069</subfield>
        <subfield code="4">pbl</subfield>
    </datafield>
    <datafield tag="710" ind1=" " ind2=" ">
        <subfield code="a">Bureau de Musique</subfield>
        <subfield code="0">40001764</subfield>
        <subfield code="4">pbl</subfield>
    </datafield>
    <datafield tag="775" ind1=" " ind2=" ">
        <subfield code="w">00000990045458</subfield>
    </datafield>
    <datafield tag="852" ind1="1" ind2="0">
        <subfield code="a">D-KWbeer</subfield>
        <subfield code="x">30076859</subfield>
    </datafield>
</record>