
<record>
    <leader>00000ccm a2200000   4500</leader>
    <controlfield tag="001">00000993000032</controlfield>
    <controlfield tag="005">20140922135156.0</controlfield>
    <datafield tag="028" ind1="2" ind2="0">
        <subfield code="a">799</subfield>
    </datafield>
    <datafield tag="035" ind1=" " ind2=" ">
        <subfield code="a">Neu 32</subfield>
    </datafield>
    <datafield tag="100" ind1="1" ind2=" ">
        <subfield code="a">Mozart, Wolfgang Amadeus</subfield>
        <subfield code="d">1756-1791</subfield>
        <subfield code="0">115324</subfield>
    </datafield>
    <datafield tag="240" ind1="1" ind2="0">
        <subfield code="a">Operas</subfield>
        <subfield code="m">pf</subfield>
        <subfield code="0">40000025</subfield>
    </datafield>
    <datafield tag="245" ind1="1" ind2="0">
        <subfield code="a">OUVERTURE [hs.] Figaro arrangée à mains pour le Pianoforte par W. F. Riem</subfield>
    </datafield>
    <datafield tag="246" ind1="1" ind2="0">
        <subfield code="a">[previous entry:] Ouverture de l'opéra: Le nozze di Figaro, musique de W. A. Mozart, arrangée pour 2 clarinettes en ut, 2 flûtes, 2 bassons, 2 cors, trompette et serpent ou contre basson par P. C. Hammerl</subfield>
    </datafield>
    <datafield tag="490" ind1="1" ind2="0">
        <subfield code="a">A/I</subfield>
    </datafield>
    <datafield tag="593" ind1="1" ind2="0">
        <subfield code="a">print</subfield>
    </datafield>
    <datafield tag="597" ind1="1" ind2="0">
        <subfield code="a">Leipzig, au Bureau de Musique de A. Kühnel</subfield>
    </datafield>
    <datafield tag="710" ind1=" " ind2=" ">
        <subfield code="a">Kühnel, Ambrosius (Bureau de Musique)</subfield>
        <subfield code="0">40012320</subfield>
        <subfield code="4">pbl</subfield>
    </datafield>
    <datafield tag="775" ind1=" " ind2=" ">
        <subfield code="w">00000990043021</subfield>
    </datafield>
    <datafield tag="852" ind1="1" ind2="0">
        <subfield code="a">D-KWbeer</subfield>
        <subfield code="x">30076859</subfield>
    </datafield>
</record>