
<record>
    <leader>00000ccm a2200000   4500</leader>
    <controlfield tag="001">00000992006542</controlfield>
    <controlfield tag="005">20140122084922.0</controlfield>
    <datafield tag="028" ind1="2" ind2="0">
        <subfield code="a">31</subfield>
    </datafield>
    <datafield tag="035" ind1=" " ind2=" ">
        <subfield code="a">M 5340; MM 5340</subfield>
    </datafield>
    <datafield tag="100" ind1="1" ind2=" ">
        <subfield code="a">Mozart, Wolfgang Amadeus</subfield>
        <subfield code="d">1756-1791</subfield>
        <subfield code="0">115324</subfield>
    </datafield>
    <datafield tag="240" ind1="1" ind2="0">
        <subfield code="a">Insertions</subfield>
        <subfield code="m">vl, 2 vla, vlc, fl</subfield>
        <subfield code="n">KV. 479;  KV. 480</subfield>
        <subfield code="r">D</subfield>
        <subfield code="0">40000156</subfield>
    </datafield>
    <datafield tag="245" ind1="1" ind2="0">
        <subfield code="a">[Quintetto in D-dur, dell'opera La villanella rapita, für Flöte, Violine, 2 Violen und Violoncello]</subfield>
    </datafield>
    <datafield tag="300" ind1="1" ind2="0">
        <subfield code="a">St</subfield>
    </datafield>
    <datafield tag="490" ind1="1" ind2="0">
        <subfield code="a">A/I</subfield>
    </datafield>
    <datafield tag="593" ind1="1" ind2="0">
        <subfield code="a">print</subfield>
    </datafield>
    <datafield tag="597" ind1="1" ind2="0">
        <subfield code="a">s.l., s.n.</subfield>
    </datafield>
    <datafield tag="710" ind1=" " ind2=" ">
        <subfield code="a">s.n.</subfield>
        <subfield code="0">40009305</subfield>
        <subfield code="4">pbl</subfield>
    </datafield>
    <datafield tag="852" ind1="1" ind2="0">
        <subfield code="a">CZ-K</subfield>
        <subfield code="q">ohne Titelblatt</subfield>
        <subfield code="x">30000183</subfield>
    </datafield>
    <datafield tag="852" ind1="1" ind2="0">
        <subfield code="a">D-ZL</subfield>
        <subfield code="q">fehlt Titelblatt</subfield>
        <subfield code="x">30001063</subfield>
    </datafield>
</record>