
<record>
    <leader>00000ccm a2200000   4500</leader>
    <controlfield tag="001">00000992006544</controlfield>
    <controlfield tag="005">20140922134939.0</controlfield>
    <datafield tag="035" ind1=" " ind2=" ">
        <subfield code="a">M 5471</subfield>
    </datafield>
    <datafield tag="100" ind1="1" ind2=" ">
        <subfield code="a">Mozart, Wolfgang Amadeus</subfield>
        <subfield code="d">1756-1791</subfield>
        <subfield code="0">115324</subfield>
    </datafield>
    <datafield tag="240" ind1="1" ind2="0">
        <subfield code="a">Lieder</subfield>
        <subfield code="0">40000009</subfield>
    </datafield>
    <datafield tag="245" ind1="1" ind2="0">
        <subfield code="a">Eheliche gute Nacht. Herrn Dallera und Demoiselle Curioni bey Ihrer Verbindung freundschaftlich gewünscht</subfield>
    </datafield>
    <datafield tag="246" ind1="1" ind2="0">
        <subfield code="a">[previous entry:] Ehelicher guter Morgen und Eheliche gute Nacht, mit Begleitung des Pianoforte, in Musik gesetzt, von W. A. Mozart [Johann Friedrich Hugo Freiherr von Dalberg, vgl. [D 700-D 706]</subfield>
    </datafield>
    <datafield tag="260" ind1=" " ind2=" ">
        <subfield code="c">1798</subfield>
    </datafield>
    <datafield tag="490" ind1="1" ind2="0">
        <subfield code="a">A/I</subfield>
    </datafield>
    <datafield tag="593" ind1="1" ind2="0">
        <subfield code="a">print</subfield>
    </datafield>
    <datafield tag="597" ind1="1" ind2="0">
        <subfield code="a">s.l., s.n.</subfield>
    </datafield>
    <datafield tag="700" ind1="1" ind2=" ">
        <subfield code="a">Dalberg, Johann Friedrich Hugo von</subfield>
        <subfield code="d">1760-1812</subfield>
        <subfield code="0">30000779</subfield>
        <subfield code="4">cmp</subfield>
    </datafield>
    <datafield tag="710" ind1=" " ind2=" ">
        <subfield code="a">s.n.</subfield>
        <subfield code="0">40009305</subfield>
        <subfield code="4">pbl</subfield>
    </datafield>
    <datafield tag="775" ind1=" " ind2=" ">
        <subfield code="w">00000990044001</subfield>
    </datafield>
    <datafield tag="852" ind1="1" ind2="0">
        <subfield code="a">D-Dl</subfield>
        <subfield code="x">30000042</subfield>
    </datafield>
</record>