
<record>
    <leader>00000ccm a2200000   4500</leader>
    <controlfield tag="001">00000992006535</controlfield>
    <controlfield tag="005">20140122084922.0</controlfield>
    <datafield tag="035" ind1=" " ind2=" ">
        <subfield code="a">M 4993</subfield>
    </datafield>
    <datafield tag="100" ind1="1" ind2=" ">
        <subfield code="a">Mozart, Wolfgang Amadeus</subfield>
        <subfield code="d">1756-1791</subfield>
        <subfield code="0">115324</subfield>
    </datafield>
    <datafield tag="240" ind1="1" ind2="0">
        <subfield code="a">Singspiele</subfield>
        <subfield code="m">V, clav</subfield>
        <subfield code="n">KV. 620/17</subfield>
        <subfield code="0">40000008</subfield>
    </datafield>
    <datafield tag="245" ind1="1" ind2="0">
        <subfield code="a">Aria (Ach ich fühls, es ist verschwunden), beym Klavier, aus der Opera, die Zauberflöte</subfield>
    </datafield>
    <datafield tag="300" ind1="1" ind2="0">
        <subfield code="a">KLA</subfield>
    </datafield>
    <datafield tag="490" ind1="1" ind2="0">
        <subfield code="a">A/I</subfield>
    </datafield>
    <datafield tag="593" ind1="1" ind2="0">
        <subfield code="a">print</subfield>
    </datafield>
    <datafield tag="597" ind1="1" ind2="0">
        <subfield code="a">s.l., s.n.</subfield>
    </datafield>
    <datafield tag="710" ind1=" " ind2=" ">
        <subfield code="a">s.n.</subfield>
        <subfield code="0">40009305</subfield>
        <subfield code="4">pbl</subfield>
    </datafield>
    <datafield tag="852" ind1="1" ind2="0">
        <subfield code="a">A-Sm</subfield>
        <subfield code="x">30000372</subfield>
    </datafield>
</record>