
<record>
    <leader>00000ccm a2200000   4500</leader>
    <controlfield tag="001">00000992006527</controlfield>
    <controlfield tag="005">20140122084921.0</controlfield>
    <datafield tag="028" ind1="2" ind2="0">
        <subfield code="a">341; 347; 352; 360</subfield>
    </datafield>
    <datafield tag="035" ind1=" " ind2=" ">
        <subfield code="a">M 4985</subfield>
    </datafield>
    <datafield tag="100" ind1="1" ind2=" ">
        <subfield code="a">Mozart, Wolfgang Amadeus</subfield>
        <subfield code="d">1756-1791</subfield>
        <subfield code="0">115324</subfield>
    </datafield>
    <datafield tag="240" ind1="1" ind2="0">
        <subfield code="a">Singspiele</subfield>
        <subfield code="n">KV. 620/15;  KV. 620/8;  KV. 620/8;  KV. 620/21</subfield>
        <subfield code="0">40000008</subfield>
    </datafield>
    <datafield tag="245" ind1="1" ind2="0">
        <subfield code="a">N|o 2. Aria. Aus der Zauberflöte von Mozart. In diesen heil'gen Hallen ... N|o 8. Glockenspiel und Coro ... N|o 13. Aria. Wie stark ist nicht dein Zauberton ... N|o 21. Drei Knäbchen, aus der Zauberflöte</subfield>
    </datafield>
    <datafield tag="300" ind1="1" ind2="0">
        <subfield code="a">KLA</subfield>
    </datafield>
    <datafield tag="490" ind1="1" ind2="0">
        <subfield code="a">A/I</subfield>
    </datafield>
    <datafield tag="593" ind1="1" ind2="0">
        <subfield code="a">print</subfield>
    </datafield>
    <datafield tag="597" ind1="1" ind2="0">
        <subfield code="a">s.l., s.n.</subfield>
    </datafield>
    <datafield tag="710" ind1=" " ind2=" ">
        <subfield code="a">s.n.</subfield>
        <subfield code="0">40009305</subfield>
        <subfield code="4">pbl</subfield>
    </datafield>
    <datafield tag="852" ind1="1" ind2="0">
        <subfield code="a">A-M</subfield>
        <subfield code="x">30000359</subfield>
    </datafield>
    <datafield tag="852" ind1="1" ind2="0">
        <subfield code="a">H-Bn</subfield>
        <subfield code="q">KV. 620/15</subfield>
        <subfield code="x">30000134</subfield>
    </datafield>
</record>