
<record>
    <leader>00000ccm a2200000   4500</leader>
    <controlfield tag="001">00000992006517</controlfield>
    <controlfield tag="005">20140922134939.0</controlfield>
    <datafield tag="028" ind1="2" ind2="0">
        <subfield code="a">I 7355</subfield>
    </datafield>
    <datafield tag="035" ind1=" " ind2=" ">
        <subfield code="a">M 4130</subfield>
    </datafield>
    <datafield tag="100" ind1="1" ind2=" ">
        <subfield code="a">Mozart, Wolfgang Amadeus</subfield>
        <subfield code="d">1756-1791</subfield>
        <subfield code="0">115324</subfield>
    </datafield>
    <datafield tag="240" ind1="1" ind2="0">
        <subfield code="a">Offertories</subfield>
        <subfield code="0">40000106</subfield>
    </datafield>
    <datafield tag="245" ind1="1" ind2="0">
        <subfield code="a">Misericordias Domini, von W. A. Mozart</subfield>
    </datafield>
    <datafield tag="246" ind1="1" ind2="0">
        <subfield code="a">[previous entry:] Misericordias Domini [d]. In Musik gesetzt von W. A. Mozart. Partitur</subfield>
    </datafield>
    <datafield tag="300" ind1="1" ind2="0">
        <subfield code="a">St</subfield>
    </datafield>
    <datafield tag="490" ind1="1" ind2="0">
        <subfield code="a">A/I</subfield>
    </datafield>
    <datafield tag="593" ind1="1" ind2="0">
        <subfield code="a">print</subfield>
    </datafield>
    <datafield tag="597" ind1="1" ind2="0">
        <subfield code="a">s.l., s.n.</subfield>
    </datafield>
    <datafield tag="710" ind1=" " ind2=" ">
        <subfield code="a">s.n.</subfield>
        <subfield code="0">40009305</subfield>
        <subfield code="4">pbl</subfield>
    </datafield>
    <datafield tag="775" ind1=" " ind2=" ">
        <subfield code="w">00000990042702</subfield>
    </datafield>
    <datafield tag="852" ind1="1" ind2="0">
        <subfield code="a">A-Wgm</subfield>
        <subfield code="q">Stimmen wurden wahrscheinlich durch die Gesellschaft der Musikfreunde in Wien bei A. Diabelli &amp; Co. privat in Druckauftrag gegeben</subfield>
        <subfield code="x">30000388</subfield>
    </datafield>
</record>