
<record>
    <leader>00000ccm a2200000   4500</leader>
    <controlfield tag="001">00000991029107</controlfield>
    <controlfield tag="005">20140122084632.0</controlfield>
    <datafield tag="028" ind1="2" ind2="0">
        <subfield code="a">41</subfield>
    </datafield>
    <datafield tag="035" ind1=" " ind2=" ">
        <subfield code="a">MM 7483v</subfield>
    </datafield>
    <datafield tag="100" ind1="1" ind2=" ">
        <subfield code="a">Mozart, Wolfgang Amadeus</subfield>
        <subfield code="d">1756-1791</subfield>
        <subfield code="0">115324</subfield>
    </datafield>
    <datafield tag="240" ind1="1" ind2="0">
        <subfield code="a">Waltzes</subfield>
        <subfield code="m">pf</subfield>
        <subfield code="0">40000017</subfield>
    </datafield>
    <datafield tag="245" ind1="1" ind2="0">
        <subfield code="a">Douze walzes et anglaises pour le forte piano par W. Mozart. 2|m|e Suite</subfield>
    </datafield>
    <datafield tag="490" ind1="1" ind2="0">
        <subfield code="a">A/I</subfield>
    </datafield>
    <datafield tag="593" ind1="1" ind2="0">
        <subfield code="a">print</subfield>
    </datafield>
    <datafield tag="597" ind1="1" ind2="0">
        <subfield code="a">Paris, Sieber fils</subfield>
    </datafield>
    <datafield tag="710" ind1=" " ind2=" ">
        <subfield code="a">Sieber, Georges-Julien</subfield>
        <subfield code="0">40010094</subfield>
        <subfield code="4">pbl</subfield>
    </datafield>
    <datafield tag="852" ind1="1" ind2="0">
        <subfield code="a">D-Kl</subfield>
        <subfield code="q">Etikett: Le Duc</subfield>
        <subfield code="x">30000836</subfield>
    </datafield>
    <datafield tag="852" ind1="1" ind2="0">
        <subfield code="a">F-Pn</subfield>
        <subfield code="q">3 Ex.</subfield>
        <subfield code="x">30001488</subfield>
    </datafield>
</record>