
<record>
    <leader>00000ccm a2200000   4500</leader>
    <controlfield tag="001">00000991029094</controlfield>
    <controlfield tag="005">20140122084631.0</controlfield>
    <datafield tag="028" ind1="2" ind2="0">
        <subfield code="a">2188</subfield>
    </datafield>
    <datafield tag="035" ind1=" " ind2=" ">
        <subfield code="a">MM 7483g</subfield>
    </datafield>
    <datafield tag="100" ind1="1" ind2=" ">
        <subfield code="a">Mozart, Wolfgang Amadeus</subfield>
        <subfield code="d">1756-1791</subfield>
        <subfield code="0">115324</subfield>
    </datafield>
    <datafield tag="240" ind1="1" ind2="0">
        <subfield code="a">Variations</subfield>
        <subfield code="m">2 vl, vla, vlc</subfield>
        <subfield code="0">40000087</subfield>
    </datafield>
    <datafield tag="245" ind1="1" ind2="0">
        <subfield code="a">III Thèmes avec variations arrangés en quatuor pour deux violons, alto et violoncelle par Alexandre Poessinger</subfield>
    </datafield>
    <datafield tag="300" ind1="1" ind2="0">
        <subfield code="a">St</subfield>
    </datafield>
    <datafield tag="490" ind1="1" ind2="0">
        <subfield code="a">A/I</subfield>
    </datafield>
    <datafield tag="593" ind1="1" ind2="0">
        <subfield code="a">print</subfield>
    </datafield>
    <datafield tag="597" ind1="1" ind2="0">
        <subfield code="a">Wien, Thadé Weigl</subfield>
    </datafield>
    <datafield tag="710" ind1=" " ind2=" ">
        <subfield code="a">Weigl, Thaddäus</subfield>
        <subfield code="0">40011279</subfield>
        <subfield code="4">pbl</subfield>
    </datafield>
    <datafield tag="852" ind1="1" ind2="0">
        <subfield code="a">HR-Zha</subfield>
        <subfield code="x">30000160</subfield>
    </datafield>
</record>