
<record>
    <leader>00000ccm a2200000   4500</leader>
    <controlfield tag="001">00000991029095</controlfield>
    <controlfield tag="005">20140122084631.0</controlfield>
    <datafield tag="035" ind1=" " ind2=" ">
        <subfield code="a">MM 7483h</subfield>
    </datafield>
    <datafield tag="100" ind1="1" ind2=" ">
        <subfield code="a">Mozart, Wolfgang Amadeus</subfield>
        <subfield code="d">1756-1791</subfield>
        <subfield code="0">115324</subfield>
    </datafield>
    <datafield tag="240" ind1="1" ind2="0">
        <subfield code="a">Trios (instr.)</subfield>
        <subfield code="m">vl, vlc, pf</subfield>
        <subfield code="0">40000015</subfield>
    </datafield>
    <datafield tag="245" ind1="1" ind2="0">
        <subfield code="a">Three sonatas for the grand and small piano forte, with accompaniments for the violin and violoncello</subfield>
    </datafield>
    <datafield tag="490" ind1="1" ind2="0">
        <subfield code="a">A/I</subfield>
    </datafield>
    <datafield tag="593" ind1="1" ind2="0">
        <subfield code="a">print</subfield>
    </datafield>
    <datafield tag="597" ind1="1" ind2="0">
        <subfield code="a">London, R. Birchall</subfield>
    </datafield>
    <datafield tag="710" ind1=" " ind2=" ">
        <subfield code="a">Birchall, Robert</subfield>
        <subfield code="0">40001098</subfield>
        <subfield code="4">pbl</subfield>
    </datafield>
    <datafield tag="852" ind1="1" ind2="0">
        <subfield code="a">NZ-Ap</subfield>
        <subfield code="x">30002049</subfield>
    </datafield>
</record>