
<record>
    <leader>00000ccm a2200000   4500</leader>
    <controlfield tag="001">00000991029092</controlfield>
    <controlfield tag="005">20140122084631.0</controlfield>
    <datafield tag="035" ind1=" " ind2=" ">
        <subfield code="a">MM 7483e</subfield>
    </datafield>
    <datafield tag="100" ind1="1" ind2=" ">
        <subfield code="a">Mozart, Wolfgang Amadeus</subfield>
        <subfield code="d">1756-1791</subfield>
        <subfield code="0">115324</subfield>
    </datafield>
    <datafield tag="240" ind1="1" ind2="0">
        <subfield code="a">Ballads (voc.)</subfield>
        <subfield code="m">V, arp</subfield>
        <subfield code="0">40000039</subfield>
    </datafield>
    <datafield tag="245" ind1="1" ind2="0">
        <subfield code="a">When - e'er a comely lass I spy. Pit a pat a favorite ballad with an accompaniment for the harp composed by W. Mozart</subfield>
    </datafield>
    <datafield tag="490" ind1="1" ind2="0">
        <subfield code="a">A/I</subfield>
    </datafield>
    <datafield tag="593" ind1="1" ind2="0">
        <subfield code="a">print</subfield>
    </datafield>
    <datafield tag="597" ind1="1" ind2="0">
        <subfield code="a">London, Fentum</subfield>
    </datafield>
    <datafield tag="710" ind1=" " ind2=" ">
        <subfield code="a">Fentum</subfield>
        <subfield code="0">40003485</subfield>
        <subfield code="4">pbl</subfield>
    </datafield>
    <datafield tag="852" ind1="1" ind2="0">
        <subfield code="a">D-FLs</subfield>
        <subfield code="x">30000761</subfield>
    </datafield>
</record>