
<record>
    <leader>00000ccm a2200000   4500</leader>
    <controlfield tag="001">00000991029088</controlfield>
    <controlfield tag="005">20140122084631.0</controlfield>
    <datafield tag="028" ind1="2" ind2="0">
        <subfield code="a">548</subfield>
    </datafield>
    <datafield tag="035" ind1=" " ind2=" ">
        <subfield code="a">MM 5304b</subfield>
    </datafield>
    <datafield tag="100" ind1="1" ind2=" ">
        <subfield code="a">Mozart, Wolfgang Amadeus</subfield>
        <subfield code="d">1756-1791</subfield>
        <subfield code="0">115324</subfield>
    </datafield>
    <datafield tag="240" ind1="1" ind2="0">
        <subfield code="a">Scenes</subfield>
        <subfield code="m">pf (orch), arp (pf)</subfield>
        <subfield code="0">40000090</subfield>
    </datafield>
    <datafield tag="245" ind1="1" ind2="0">
        <subfield code="a">D'une fausse pitié je ne fus point séduite. Air de La prise de Jericho avec accompagnement de piano ou harpe par L. Jadin. No. 1</subfield>
    </datafield>
    <datafield tag="490" ind1="1" ind2="0">
        <subfield code="a">A/I</subfield>
    </datafield>
    <datafield tag="593" ind1="1" ind2="0">
        <subfield code="a">print</subfield>
    </datafield>
    <datafield tag="597" ind1="1" ind2="0">
        <subfield code="a">Paris, Janet &amp; Cotelle</subfield>
    </datafield>
    <datafield tag="710" ind1=" " ind2=" ">
        <subfield code="a">Janet, Pierre-Honoré &amp; Alexandre Cotelle</subfield>
        <subfield code="0">40005459</subfield>
        <subfield code="4">pbl</subfield>
    </datafield>
    <datafield tag="852" ind1="1" ind2="0">
        <subfield code="a">H-Bl</subfield>
        <subfield code="x">30001677</subfield>
    </datafield>
</record>