
<record>
    <leader>00000ccm a2200000   4500</leader>
    <controlfield tag="001">00000991029087</controlfield>
    <controlfield tag="005">20141009084249.0</controlfield>
    <datafield tag="035" ind1=" " ind2=" ">
        <subfield code="a">MM 7483b</subfield>
    </datafield>
    <datafield tag="100" ind1="1" ind2=" ">
        <subfield code="a">Mozart, Wolfgang Amadeus</subfield>
        <subfield code="d">1756-1791</subfield>
        <subfield code="0">115324</subfield>
    </datafield>
    <datafield tag="240" ind1="1" ind2="0">
        <subfield code="a">Vocal pieces</subfield>
        <subfield code="0">40000029</subfield>
    </datafield>
    <datafield tag="246" ind1="1" ind2="0">
        <subfield code="a">[previous entry:] A selection from the vocal compositions of Mozart, united to English verses, never before published. The accompaniments for the piano forte arranged from the original scores by Muzio Clementi. The poetry by David Thomson. No. 1-4</subfield>
    </datafield>
    <datafield tag="490" ind1="1" ind2="0">
        <subfield code="a">A/I</subfield>
    </datafield>
    <datafield tag="593" ind1="1" ind2="0">
        <subfield code="a">print</subfield>
    </datafield>
    <datafield tag="597" ind1="1" ind2="0">
        <subfield code="a">Philadelphia, G. E. Blake</subfield>
    </datafield>
    <datafield tag="710" ind1=" " ind2=" ">
        <subfield code="a">Blake, George E.</subfield>
        <subfield code="0">40001151</subfield>
        <subfield code="4">pbl</subfield>
    </datafield>
    <datafield tag="775" ind1=" " ind2=" ">
        <subfield code="w">00000991010661</subfield>
    </datafield>
    <datafield tag="852" ind1="1" ind2="0">
        <subfield code="a">US-BAhs</subfield>
        <subfield code="q">1</subfield>
        <subfield code="x">30002206</subfield>
    </datafield>
    <datafield tag="852" ind1="1" ind2="0">
        <subfield code="a">US-BU</subfield>
        <subfield code="q">1</subfield>
        <subfield code="x">30002222</subfield>
    </datafield>
    <datafield tag="852" ind1="1" ind2="0">
        <subfield code="a">US-Cu</subfield>
        <subfield code="q">1, 3</subfield>
        <subfield code="x">30000295</subfield>
    </datafield>
    <datafield tag="852" ind1="1" ind2="0">
        <subfield code="a">US-NH</subfield>
        <subfield code="q">1, 2</subfield>
        <subfield code="x">30002351</subfield>
    </datafield>
    <datafield tag="852" ind1="1" ind2="0">
        <subfield code="a">US-NYp</subfield>
        <subfield code="q">1, 2</subfield>
        <subfield code="x">30000321</subfield>
    </datafield>
    <datafield tag="852" ind1="1" ind2="0">
        <subfield code="a">US-PHf</subfield>
        <subfield code="q">1, 3</subfield>
        <subfield code="x">30002414</subfield>
    </datafield>
    <datafield tag="852" ind1="1" ind2="0">
        <subfield code="a">US-PHhs</subfield>
        <subfield code="q">1</subfield>
        <subfield code="x">30000301</subfield>
    </datafield>
    <datafield tag="852" ind1="1" ind2="0">
        <subfield code="a">US-PIlevy</subfield>
        <subfield code="q">1</subfield>
        <subfield code="x">30002436</subfield>
    </datafield>
    <datafield tag="852" ind1="1" ind2="0">
        <subfield code="a">US-WOa</subfield>
        <subfield code="q">1</subfield>
        <subfield code="x">30002511</subfield>
    </datafield>
    <datafield tag="852" ind1="1" ind2="0">
        <subfield code="a">US-WIN</subfield>
        <subfield code="q">1-4</subfield>
        <subfield code="x">30002507</subfield>
    </datafield>
</record>