
<record>
    <leader>00000ccm a2200000   4500</leader>
    <controlfield tag="001">00000991029049</controlfield>
    <controlfield tag="005">20141009084249.0</controlfield>
    <datafield tag="028" ind1="2" ind2="0">
        <subfield code="a">2725</subfield>
    </datafield>
    <datafield tag="035" ind1=" " ind2=" ">
        <subfield code="a">MM 7430a</subfield>
    </datafield>
    <datafield tag="100" ind1="1" ind2=" ">
        <subfield code="a">Mozart, Wolfgang Amadeus</subfield>
        <subfield code="d">1756-1791</subfield>
        <subfield code="0">115324</subfield>
    </datafield>
    <datafield tag="240" ind1="1" ind2="0">
        <subfield code="a">Triosonatas</subfield>
        <subfield code="0">40000078</subfield>
    </datafield>
    <datafield tag="246" ind1="1" ind2="0">
        <subfield code="a">[previous entry:] Saemmtliche Werke für das Clavier, mit und ohne Begleitung, von W. A. Mozart. 25tes Heft. 2 Terzetten für Pianoforte, Violine und Violoncell ... Fünf und Zwanzigstes Heft</subfield>
    </datafield>
    <datafield tag="300" ind1="1" ind2="0">
        <subfield code="a">St</subfield>
    </datafield>
    <datafield tag="490" ind1="1" ind2="0">
        <subfield code="a">A/I</subfield>
    </datafield>
    <datafield tag="593" ind1="1" ind2="0">
        <subfield code="a">print</subfield>
    </datafield>
    <datafield tag="597" ind1="1" ind2="0">
        <subfield code="a">Wien, S. A. Steiner &amp; Co.</subfield>
    </datafield>
    <datafield tag="710" ind1=" " ind2=" ">
        <subfield code="a">Steiner, Sigmund Anton</subfield>
        <subfield code="0">40010404</subfield>
        <subfield code="4">pbl</subfield>
    </datafield>
    <datafield tag="775" ind1=" " ind2=" ">
        <subfield code="w">00000990045956</subfield>
    </datafield>
    <datafield tag="852" ind1="1" ind2="0">
        <subfield code="a">NL-At</subfield>
        <subfield code="q">vl, vlc</subfield>
        <subfield code="x">30002021</subfield>
    </datafield>
</record>