
<record>
    <leader>00000ccm a2200000   4500</leader>
    <controlfield tag="001">00000991029037</controlfield>
    <controlfield tag="005">20140122084631.0</controlfield>
    <datafield tag="028" ind1="2" ind2="0">
        <subfield code="a">2714</subfield>
    </datafield>
    <datafield tag="035" ind1=" " ind2=" ">
        <subfield code="a">MM 7413c</subfield>
    </datafield>
    <datafield tag="100" ind1="1" ind2=" ">
        <subfield code="a">Mozart, Wolfgang Amadeus</subfield>
        <subfield code="d">1756-1791</subfield>
        <subfield code="0">115324</subfield>
    </datafield>
    <datafield tag="240" ind1="1" ind2="0">
        <subfield code="a">Sonatas</subfield>
        <subfield code="m">vl, pf</subfield>
        <subfield code="n">KV. 374d;  KV. 296</subfield>
        <subfield code="0">40000016</subfield>
    </datafield>
    <datafield tag="245" ind1="1" ind2="0">
        <subfield code="a">Saemmtliche Werke für das Clavier, mit und ohne Begleitung, von W. A. Mozart. 14tes Heft. 2 Sonaten für das Pianoforte und Violine</subfield>
    </datafield>
    <datafield tag="300" ind1="1" ind2="0">
        <subfield code="a">St</subfield>
    </datafield>
    <datafield tag="490" ind1="1" ind2="0">
        <subfield code="a">A/I</subfield>
    </datafield>
    <datafield tag="593" ind1="1" ind2="0">
        <subfield code="a">print</subfield>
    </datafield>
    <datafield tag="597" ind1="1" ind2="0">
        <subfield code="a">Wien, S. A. Steiner &amp; Co.</subfield>
    </datafield>
    <datafield tag="710" ind1=" " ind2=" ">
        <subfield code="a">Steiner, Sigmund Anton</subfield>
        <subfield code="0">40010404</subfield>
        <subfield code="4">pbl</subfield>
    </datafield>
    <datafield tag="852" ind1="1" ind2="0">
        <subfield code="a">HR-Zh</subfield>
        <subfield code="q">pf</subfield>
        <subfield code="x">30002567</subfield>
    </datafield>
</record>