
<record>
    <leader>00000ccm a2200000   4500</leader>
    <controlfield tag="001">00000991029038</controlfield>
    <controlfield tag="005">20141009084248.0</controlfield>
    <datafield tag="028" ind1="2" ind2="0">
        <subfield code="a">2714</subfield>
    </datafield>
    <datafield tag="035" ind1=" " ind2=" ">
        <subfield code="a">MM 7413d</subfield>
    </datafield>
    <datafield tag="100" ind1="1" ind2=" ">
        <subfield code="a">Mozart, Wolfgang Amadeus</subfield>
        <subfield code="d">1756-1791</subfield>
        <subfield code="0">115324</subfield>
    </datafield>
    <datafield tag="240" ind1="1" ind2="0">
        <subfield code="a">Sonatas</subfield>
        <subfield code="0">40000016</subfield>
    </datafield>
    <datafield tag="246" ind1="1" ind2="0">
        <subfield code="a">[previous entry:] Saemmtliche Werke für das Clavier, mit und ohne Begleitung, von W. A. Mozart. 12tes Heft. 3 Sonaten für Pianoforte und Violine ... Zwölftes Heft</subfield>
    </datafield>
    <datafield tag="490" ind1="1" ind2="0">
        <subfield code="a">A/I</subfield>
    </datafield>
    <datafield tag="593" ind1="1" ind2="0">
        <subfield code="a">print</subfield>
    </datafield>
    <datafield tag="597" ind1="1" ind2="0">
        <subfield code="a">Wien, T. Haslinger</subfield>
    </datafield>
    <datafield tag="710" ind1=" " ind2=" ">
        <subfield code="a">Haslinger, Tobias</subfield>
        <subfield code="0">40004774</subfield>
        <subfield code="4">pbl</subfield>
    </datafield>
    <datafield tag="775" ind1=" " ind2=" ">
        <subfield code="w">00000990045938</subfield>
    </datafield>
    <datafield tag="852" ind1="1" ind2="0">
        <subfield code="a">CZ-Pu</subfield>
        <subfield code="x">30000083</subfield>
    </datafield>
</record>