
<record>
    <leader>00000ccm a2200000   4500</leader>
    <controlfield tag="001">00000991028878</controlfield>
    <controlfield tag="005">20141009084247.0</controlfield>
    <datafield tag="028" ind1="2" ind2="0">
        <subfield code="a">168</subfield>
    </datafield>
    <datafield tag="035" ind1=" " ind2=" ">
        <subfield code="a">MM 7170a</subfield>
    </datafield>
    <datafield tag="100" ind1="1" ind2=" ">
        <subfield code="a">Mozart, Wolfgang Amadeus</subfield>
        <subfield code="d">1756-1791</subfield>
        <subfield code="0">115324</subfield>
    </datafield>
    <datafield tag="240" ind1="1" ind2="0">
        <subfield code="a">Keyboard pieces</subfield>
        <subfield code="0">40000058</subfield>
    </datafield>
    <datafield tag="246" ind1="1" ind2="0">
        <subfield code="a">[previous entry:] Adagio [h] per clavicembalo o piano forte, del Sigr. W. A. Mozart</subfield>
    </datafield>
    <datafield tag="490" ind1="1" ind2="0">
        <subfield code="a">A/I</subfield>
    </datafield>
    <datafield tag="593" ind1="1" ind2="0">
        <subfield code="a">print</subfield>
    </datafield>
    <datafield tag="597" ind1="1" ind2="0">
        <subfield code="a">Leipzig, A. Kühnel</subfield>
    </datafield>
    <datafield tag="710" ind1=" " ind2=" ">
        <subfield code="a">Kühnel, Ambrosius (Bureau de Musique)</subfield>
        <subfield code="0">40012320</subfield>
        <subfield code="4">pbl</subfield>
    </datafield>
    <datafield tag="775" ind1=" " ind2=" ">
        <subfield code="w">00000990045691</subfield>
    </datafield>
    <datafield tag="852" ind1="1" ind2="0">
        <subfield code="a">D-LEm</subfield>
        <subfield code="x">30000053</subfield>
    </datafield>
</record>