
<record>
    <leader>00000ccm a2200000   4500</leader>
    <controlfield tag="001">00000991028893</controlfield>
    <controlfield tag="005">20140122084629.0</controlfield>
    <datafield tag="035" ind1=" " ind2=" ">
        <subfield code="a">MM 7193a</subfield>
    </datafield>
    <datafield tag="100" ind1="1" ind2=" ">
        <subfield code="a">Mozart, Wolfgang Amadeus</subfield>
        <subfield code="d">1756-1791</subfield>
        <subfield code="0">115324</subfield>
    </datafield>
    <datafield tag="240" ind1="1" ind2="0">
        <subfield code="a">Sonatas</subfield>
        <subfield code="m">pf 4hands</subfield>
        <subfield code="n">KV. 594;  KV. 608;  KV. 375e</subfield>
        <subfield code="0">40000016</subfield>
    </datafield>
    <datafield tag="245" ind1="1" ind2="0">
        <subfield code="a">A sonata, fantasie und fuge for two performers on one piano forte ... (book 18 of a complete edition)</subfield>
    </datafield>
    <datafield tag="490" ind1="1" ind2="0">
        <subfield code="a">A/I</subfield>
    </datafield>
    <datafield tag="593" ind1="1" ind2="0">
        <subfield code="a">print</subfield>
    </datafield>
    <datafield tag="597" ind1="1" ind2="0">
        <subfield code="a">London, Broderip &amp; Wilkinson</subfield>
    </datafield>
    <datafield tag="710" ind1=" " ind2=" ">
        <subfield code="a">Broderip &amp; Wilkinson</subfield>
        <subfield code="0">40001630</subfield>
        <subfield code="4">pbl</subfield>
    </datafield>
    <datafield tag="852" ind1="1" ind2="0">
        <subfield code="a">US-CIu</subfield>
        <subfield code="x">30002246</subfield>
    </datafield>
</record>