
<record>
    <leader>00000ccm a2200000   4500</leader>
    <controlfield tag="001">00000991028861</controlfield>
    <controlfield tag="005">20141009084247.0</controlfield>
    <datafield tag="028" ind1="2" ind2="0">
        <subfield code="a">267</subfield>
    </datafield>
    <datafield tag="035" ind1=" " ind2=" ">
        <subfield code="a">MM 7145a</subfield>
    </datafield>
    <datafield tag="100" ind1="1" ind2=" ">
        <subfield code="a">Mozart, Wolfgang Amadeus</subfield>
        <subfield code="d">1756-1791</subfield>
        <subfield code="0">115324</subfield>
    </datafield>
    <datafield tag="240" ind1="1" ind2="0">
        <subfield code="a">Variations</subfield>
        <subfield code="0">40000087</subfield>
    </datafield>
    <datafield tag="246" ind1="1" ind2="0">
        <subfield code="a">[previous entry:] XII Variations pour le clavecin ou piano-forte, sur l'air Zu Steffen sprach im Traume, par W. A. Mozart. N|o 16</subfield>
    </datafield>
    <datafield tag="490" ind1="1" ind2="0">
        <subfield code="a">A/I</subfield>
    </datafield>
    <datafield tag="593" ind1="1" ind2="0">
        <subfield code="a">print</subfield>
    </datafield>
    <datafield tag="597" ind1="1" ind2="0">
        <subfield code="a">Worms, G. Kreitner</subfield>
    </datafield>
    <datafield tag="700" ind1="1" ind2=" ">
        <subfield code="a">Eberl, Anton Franz Josef</subfield>
        <subfield code="d">1765-1807</subfield>
        <subfield code="0">30000926</subfield>
        <subfield code="4">cmp</subfield>
    </datafield>
    <datafield tag="710" ind1=" " ind2=" ">
        <subfield code="a">Kreitner, G.</subfield>
        <subfield code="0">40005860</subfield>
        <subfield code="4">pbl</subfield>
    </datafield>
    <datafield tag="775" ind1=" " ind2=" ">
        <subfield code="w">00000990045665</subfield>
    </datafield>
    <datafield tag="852" ind1="1" ind2="0">
        <subfield code="a">RUS-Mrg</subfield>
        <subfield code="x">30002528</subfield>
    </datafield>
</record>