
<record>
    <leader>00000ccm a2200000   4500</leader>
    <controlfield tag="001">00000991028864</controlfield>
    <controlfield tag="005">20140922132736.0</controlfield>
    <datafield tag="035" ind1=" " ind2=" ">
        <subfield code="a">MM 7149a</subfield>
    </datafield>
    <datafield tag="100" ind1="1" ind2=" ">
        <subfield code="a">Mozart, Wolfgang Amadeus</subfield>
        <subfield code="d">1756-1791</subfield>
        <subfield code="0">115324</subfield>
    </datafield>
    <datafield tag="240" ind1="1" ind2="0">
        <subfield code="a">Variations</subfield>
        <subfield code="0">40000087</subfield>
    </datafield>
    <datafield tag="245" ind1="1" ind2="0">
        <subfield code="a">Mozart's selection of piano-forte music, consisting of single sonatas, duets, trios, quartetts, airs with variations, &amp;c., with and without accompaniments. N|o 49</subfield>
    </datafield>
    <datafield tag="246" ind1="1" ind2="0">
        <subfield code="a">[previous entry:] Variations pour le piano, composées par W. A. Mozart. N|o 16 [handschriftlich]</subfield>
    </datafield>
    <datafield tag="490" ind1="1" ind2="0">
        <subfield code="a">A/I</subfield>
    </datafield>
    <datafield tag="593" ind1="1" ind2="0">
        <subfield code="a">print</subfield>
    </datafield>
    <datafield tag="597" ind1="1" ind2="0">
        <subfield code="a">London, Th. Monzani</subfield>
    </datafield>
    <datafield tag="700" ind1="1" ind2=" ">
        <subfield code="a">Förster, Emanuel Aloys</subfield>
        <subfield code="d">1748-1823</subfield>
        <subfield code="0">30001115</subfield>
        <subfield code="4">cmp</subfield>
    </datafield>
    <datafield tag="710" ind1=" " ind2=" ">
        <subfield code="a">Monzani, Tebaldo</subfield>
        <subfield code="0">40007652</subfield>
        <subfield code="4">pbl</subfield>
    </datafield>
    <datafield tag="775" ind1=" " ind2=" ">
        <subfield code="w">00000990045673</subfield>
    </datafield>
    <datafield tag="852" ind1="1" ind2="0">
        <subfield code="a">CH-N</subfield>
        <subfield code="x">30000233</subfield>
    </datafield>
</record>