
<record>
    <leader>00000ccm a2200000   4500</leader>
    <controlfield tag="001">00000991028796</controlfield>
    <controlfield tag="005">20140922132730.0</controlfield>
    <datafield tag="028" ind1="2" ind2="0">
        <subfield code="a">147</subfield>
    </datafield>
    <datafield tag="035" ind1=" " ind2=" ">
        <subfield code="a">MM 7036a</subfield>
    </datafield>
    <datafield tag="100" ind1="1" ind2=" ">
        <subfield code="a">Mozart, Wolfgang Amadeus</subfield>
        <subfield code="d">1756-1791</subfield>
        <subfield code="0">115324</subfield>
    </datafield>
    <datafield tag="240" ind1="1" ind2="0">
        <subfield code="a">Variations</subfield>
        <subfield code="0">40000087</subfield>
    </datafield>
    <datafield tag="245" ind1="1" ind2="0">
        <subfield code="a">No. 5</subfield>
    </datafield>
    <datafield tag="246" ind1="1" ind2="0">
        <subfield code="a">[previous entry:] XII. Variations [Es] pour le clavecin ou piano forte, comp: par Mr. W. A. Mozart, dédiés à Mademoiselle Iosephine de Pauli</subfield>
    </datafield>
    <datafield tag="490" ind1="1" ind2="0">
        <subfield code="a">A/I</subfield>
    </datafield>
    <datafield tag="593" ind1="1" ind2="0">
        <subfield code="a">print</subfield>
    </datafield>
    <datafield tag="597" ind1="1" ind2="0">
        <subfield code="a">Moskva, Reinsdorp &amp; Kaestner</subfield>
    </datafield>
    <datafield tag="710" ind1=" " ind2=" ">
        <subfield code="a">Reinsdorp &amp; Kaestner</subfield>
        <subfield code="0">40008904</subfield>
        <subfield code="4">pbl</subfield>
    </datafield>
    <datafield tag="775" ind1=" " ind2=" ">
        <subfield code="w">00000990045558</subfield>
    </datafield>
    <datafield tag="852" ind1="1" ind2="0">
        <subfield code="a">UA-Kan</subfield>
        <subfield code="x">30002514</subfield>
    </datafield>
</record>