
<record>
    <leader>00000ccm a2200000   4500</leader>
    <controlfield tag="001">00000991028757</controlfield>
    <controlfield tag="005">20140122084628.0</controlfield>
    <datafield tag="028" ind1="2" ind2="0">
        <subfield code="a">MM 73</subfield>
    </datafield>
    <datafield tag="035" ind1=" " ind2=" ">
        <subfield code="a">MM 6978a</subfield>
    </datafield>
    <datafield tag="100" ind1="1" ind2=" ">
        <subfield code="a">Mozart, Wolfgang Amadeus</subfield>
        <subfield code="d">1756-1791</subfield>
        <subfield code="0">115324</subfield>
    </datafield>
    <datafield tag="240" ind1="1" ind2="0">
        <subfield code="a">Variations</subfield>
        <subfield code="m">pf</subfield>
        <subfield code="n">KV. 315d;  KV. 300f;  KV. 455;  KV. 416e;  KV. 374c;  KV. 374b;  KV. 374a;  KV. 300e;  KV. 382;  KV. 613;  KV. 573;  KV. 189a;  KV. 500;  KV. C26.04;  KV. 173c;  KV. 299a;  KV. C26.02;  KV. 25</subfield>
        <subfield code="0">40000087</subfield>
    </datafield>
    <datafield tag="245" ind1="1" ind2="0">
        <subfield code="a">Air with variations for the piano forte, no. 1-20</subfield>
    </datafield>
    <datafield tag="490" ind1="1" ind2="0">
        <subfield code="a">A/I</subfield>
    </datafield>
    <datafield tag="593" ind1="1" ind2="0">
        <subfield code="a">print</subfield>
    </datafield>
    <datafield tag="597" ind1="1" ind2="0">
        <subfield code="a">London, Broderip &amp; Wilkinson</subfield>
    </datafield>
    <datafield tag="700" ind1="1" ind2=" ">
        <subfield code="a">Eberl, Anton Franz Josef</subfield>
        <subfield code="d">1765-1807</subfield>
        <subfield code="0">30000926</subfield>
        <subfield code="4">cmp</subfield>
    </datafield>
    <datafield tag="710" ind1=" " ind2=" ">
        <subfield code="a">Broderip &amp; Wilkinson</subfield>
        <subfield code="0">40001630</subfield>
        <subfield code="4">pbl</subfield>
    </datafield>
    <datafield tag="852" ind1="1" ind2="0">
        <subfield code="a">CH-N</subfield>
        <subfield code="q">No. 8, 12, 15, 18</subfield>
        <subfield code="x">30000233</subfield>
    </datafield>
    <datafield tag="852" ind1="1" ind2="0">
        <subfield code="a">US-CIu</subfield>
        <subfield code="x">30002246</subfield>
    </datafield>
    <datafield tag="852" ind1="1" ind2="0">
        <subfield code="a">US-R</subfield>
        <subfield code="q">No. 8, 12, 18</subfield>
        <subfield code="x">30002450</subfield>
    </datafield>
</record>