
<record>
    <leader>00000ccm a2200000   4500</leader>
    <controlfield tag="001">00000991028780</controlfield>
    <controlfield tag="005">20140922132730.0</controlfield>
    <datafield tag="028" ind1="2" ind2="0">
        <subfield code="a">777</subfield>
    </datafield>
    <datafield tag="035" ind1=" " ind2=" ">
        <subfield code="a">MM 7003a</subfield>
    </datafield>
    <datafield tag="100" ind1="1" ind2=" ">
        <subfield code="a">Mozart, Wolfgang Amadeus</subfield>
        <subfield code="d">1756-1791</subfield>
        <subfield code="0">115324</subfield>
    </datafield>
    <datafield tag="240" ind1="1" ind2="0">
        <subfield code="a">Variations</subfield>
        <subfield code="m">clav, pf (clav)</subfield>
        <subfield code="0">40000087</subfield>
    </datafield>
    <datafield tag="245" ind1="1" ind2="0">
        <subfield code="a">Marche des Mariages samnites, varié pour le clavecin ou piano forte</subfield>
    </datafield>
    <datafield tag="246" ind1="1" ind2="0">
        <subfield code="a">[previous entry:] Airs variés [C] pour le clavecin ou forte piano, par W. A. Mozart, dédiés à M: Josephe d'Aurnhammer</subfield>
    </datafield>
    <datafield tag="490" ind1="1" ind2="0">
        <subfield code="a">A/I</subfield>
    </datafield>
    <datafield tag="593" ind1="1" ind2="0">
        <subfield code="a">print</subfield>
    </datafield>
    <datafield tag="597" ind1="1" ind2="0">
        <subfield code="a">Berlin, J. J. Hummel; Amsterdam, Grand magazin de musique</subfield>
    </datafield>
    <datafield tag="710" ind1=" " ind2=" ">
        <subfield code="a">Hummel, Johann Julius</subfield>
        <subfield code="0">40005292</subfield>
        <subfield code="4">pbl</subfield>
    </datafield>
    <datafield tag="710" ind1=" " ind2=" ">
        <subfield code="a">Hummel, Johann Julius</subfield>
        <subfield code="0">40005292</subfield>
        <subfield code="4">pbl</subfield>
    </datafield>
    <datafield tag="775" ind1=" " ind2=" ">
        <subfield code="w">00000990045508</subfield>
    </datafield>
    <datafield tag="852" ind1="1" ind2="0">
        <subfield code="a">B-Br</subfield>
        <subfield code="x">30000440</subfield>
    </datafield>
    <datafield tag="852" ind1="1" ind2="0">
        <subfield code="a">S-Skma</subfield>
        <subfield code="x">30002153</subfield>
    </datafield>
</record>