
<record>
    <leader>00000ccm a2200000   4500</leader>
    <controlfield tag="001">00000991028693</controlfield>
    <controlfield tag="005">20140922132723.0</controlfield>
    <datafield tag="028" ind1="2" ind2="0">
        <subfield code="a">196</subfield>
    </datafield>
    <datafield tag="035" ind1=" " ind2=" ">
        <subfield code="a">MM 6859a</subfield>
    </datafield>
    <datafield tag="100" ind1="1" ind2=" ">
        <subfield code="a">Mozart, Wolfgang Amadeus</subfield>
        <subfield code="d">1756-1791</subfield>
        <subfield code="0">115324</subfield>
    </datafield>
    <datafield tag="240" ind1="1" ind2="0">
        <subfield code="a">Sonatas</subfield>
        <subfield code="m">pf</subfield>
        <subfield code="0">40000016</subfield>
    </datafield>
    <datafield tag="245" ind1="1" ind2="0">
        <subfield code="a">Sonate favorite pour le pianoforte ... oeuvre 112</subfield>
    </datafield>
    <datafield tag="246" ind1="1" ind2="0">
        <subfield code="a">[previous entry:] Sonate facile [C] pour le pianoforte ... œuvre posth.</subfield>
    </datafield>
    <datafield tag="490" ind1="1" ind2="0">
        <subfield code="a">A/I</subfield>
    </datafield>
    <datafield tag="593" ind1="1" ind2="0">
        <subfield code="a">print</subfield>
    </datafield>
    <datafield tag="597" ind1="1" ind2="0">
        <subfield code="a">Amsterdam, H. C. Steup</subfield>
    </datafield>
    <datafield tag="710" ind1=" " ind2=" ">
        <subfield code="a">Steup, H. C.</subfield>
        <subfield code="0">40010426</subfield>
        <subfield code="4">pbl</subfield>
    </datafield>
    <datafield tag="775" ind1=" " ind2=" ">
        <subfield code="w">00000990045389</subfield>
    </datafield>
    <datafield tag="852" ind1="1" ind2="0">
        <subfield code="a">NL-At</subfield>
        <subfield code="x">30002021</subfield>
    </datafield>
</record>