
<record>
    <leader>00000ccm a2200000   4500</leader>
    <controlfield tag="001">00000991028616</controlfield>
    <controlfield tag="005">20141009084246.0</controlfield>
    <datafield tag="028" ind1="2" ind2="0">
        <subfield code="a">(146); (147); (167); (206); 415</subfield>
    </datafield>
    <datafield tag="035" ind1=" " ind2=" ">
        <subfield code="a">MM 6745a</subfield>
    </datafield>
    <datafield tag="100" ind1="1" ind2=" ">
        <subfield code="a">Mozart, Wolfgang Amadeus</subfield>
        <subfield code="d">1756-1791</subfield>
        <subfield code="0">115324</subfield>
    </datafield>
    <datafield tag="240" ind1="1" ind2="0">
        <subfield code="a">Sonatas</subfield>
        <subfield code="0">40000016</subfield>
    </datafield>
    <datafield tag="246" ind1="1" ind2="0">
        <subfield code="a">[previous entry:] ([Umschlagtitel:] Collection des œuvres ...) Sonate [G] pour le forte-piano, composée par W. A. Mozart. N|o XIV</subfield>
    </datafield>
    <datafield tag="490" ind1="1" ind2="0">
        <subfield code="a">A/I</subfield>
    </datafield>
    <datafield tag="500" ind1="1" ind2="0">
        <subfield code="a">Ed.-Nos.: (146. 147. 167. 206). - vgl. MM 7300d</subfield>
    </datafield>
    <datafield tag="593" ind1="1" ind2="0">
        <subfield code="a">print</subfield>
    </datafield>
    <datafield tag="597" ind1="1" ind2="0">
        <subfield code="a">Leipzig, Hoffmeister &amp; Kühnel</subfield>
    </datafield>
    <datafield tag="710" ind1=" " ind2=" ">
        <subfield code="a">Hoffmeister &amp; Kühnel (Bureau de Musique)</subfield>
        <subfield code="0">40005073</subfield>
        <subfield code="4">pbl</subfield>
    </datafield>
    <datafield tag="775" ind1=" " ind2=" ">
        <subfield code="w">00000990045278</subfield>
    </datafield>
    <datafield tag="852" ind1="1" ind2="0">
        <subfield code="a">A-Wnh</subfield>
        <subfield code="x">30000399</subfield>
    </datafield>
    <datafield tag="852" ind1="1" ind2="0">
        <subfield code="a">D-B</subfield>
        <subfield code="x">30000655</subfield>
    </datafield>
    <datafield tag="852" ind1="1" ind2="0">
        <subfield code="a">D-HAu</subfield>
        <subfield code="x">30000047</subfield>
    </datafield>
</record>