
<record>
    <leader>00000ccm a2200000   4500</leader>
    <controlfield tag="001">00000991028605</controlfield>
    <controlfield tag="005">20140122084627.0</controlfield>
    <datafield tag="028" ind1="2" ind2="0">
        <subfield code="a">1040</subfield>
    </datafield>
    <datafield tag="035" ind1=" " ind2=" ">
        <subfield code="a">MM 6728a</subfield>
    </datafield>
    <datafield tag="100" ind1="1" ind2=" ">
        <subfield code="a">Mozart, Wolfgang Amadeus</subfield>
        <subfield code="d">1756-1791</subfield>
        <subfield code="0">115324</subfield>
    </datafield>
    <datafield tag="240" ind1="1" ind2="0">
        <subfield code="a">Sonatas</subfield>
        <subfield code="m">pf</subfield>
        <subfield code="n">KV. 123a;  KV. 186c</subfield>
        <subfield code="0">40000016</subfield>
    </datafield>
    <datafield tag="245" ind1="1" ind2="0">
        <subfield code="a">Deux sonatines faciles pour le piano-forte, arrangés d'apres les sonates favorites à 4 mains par C. F. Ebres</subfield>
    </datafield>
    <datafield tag="490" ind1="1" ind2="0">
        <subfield code="a">A/I</subfield>
    </datafield>
    <datafield tag="593" ind1="1" ind2="0">
        <subfield code="a">print</subfield>
    </datafield>
    <datafield tag="597" ind1="1" ind2="0">
        <subfield code="a">Leipzig, F. Hofmeister</subfield>
    </datafield>
    <datafield tag="710" ind1=" " ind2=" ">
        <subfield code="a">Hofmeister, Friedrich</subfield>
        <subfield code="0">40005090</subfield>
        <subfield code="4">pbl</subfield>
    </datafield>
    <datafield tag="852" ind1="1" ind2="0">
        <subfield code="a">D-B</subfield>
        <subfield code="x">30000655</subfield>
    </datafield>
</record>