
<record>
    <leader>00000ccm a2200000   4500</leader>
    <controlfield tag="001">00000991028550</controlfield>
    <controlfield tag="005">20140122084627.0</controlfield>
    <datafield tag="028" ind1="2" ind2="0">
        <subfield code="a">280</subfield>
    </datafield>
    <datafield tag="035" ind1=" " ind2=" ">
        <subfield code="a">MM 6639a</subfield>
    </datafield>
    <datafield tag="100" ind1="1" ind2=" ">
        <subfield code="a">Mozart, Wolfgang Amadeus</subfield>
        <subfield code="d">1756-1791</subfield>
        <subfield code="0">115324</subfield>
    </datafield>
    <datafield tag="240" ind1="1" ind2="0">
        <subfield code="a">Sonatas</subfield>
        <subfield code="m">pf 4hands</subfield>
        <subfield code="n">KV. B385d;  KV. B496a</subfield>
        <subfield code="0">40000016</subfield>
    </datafield>
    <datafield tag="245" ind1="1" ind2="0">
        <subfield code="a">VI Sonatines pour le piano forte à quatre mains</subfield>
    </datafield>
    <datafield tag="490" ind1="1" ind2="0">
        <subfield code="a">A/I</subfield>
    </datafield>
    <datafield tag="593" ind1="1" ind2="0">
        <subfield code="a">print</subfield>
    </datafield>
    <datafield tag="597" ind1="1" ind2="0">
        <subfield code="a">Wien, Chemische Druckerei</subfield>
    </datafield>
    <datafield tag="710" ind1=" " ind2=" ">
        <subfield code="a">Chemische Druckerei</subfield>
        <subfield code="0">40002287</subfield>
        <subfield code="4">pbl</subfield>
    </datafield>
    <datafield tag="852" ind1="1" ind2="0">
        <subfield code="a">H-SG</subfield>
        <subfield code="x">30001716</subfield>
    </datafield>
</record>