
<record>
    <leader>00000ccm a2200000   4500</leader>
    <controlfield tag="001">00000991028523</controlfield>
    <controlfield tag="005">20140922132703.0</controlfield>
    <datafield tag="035" ind1=" " ind2=" ">
        <subfield code="a">MM 6556a</subfield>
    </datafield>
    <datafield tag="100" ind1="1" ind2=" ">
        <subfield code="a">Mozart, Wolfgang Amadeus</subfield>
        <subfield code="d">1756-1791</subfield>
        <subfield code="0">115324</subfield>
    </datafield>
    <datafield tag="240" ind1="1" ind2="0">
        <subfield code="a">Sonatas</subfield>
        <subfield code="m">vl, vlc, pf</subfield>
        <subfield code="0">40000016</subfield>
    </datafield>
    <datafield tag="245" ind1="1" ind2="0">
        <subfield code="a">Three sonatas for the grand and small piano forte with accompaniments for the violin and violoncello ... (book 1 of a complete edition.)</subfield>
    </datafield>
    <datafield tag="246" ind1="1" ind2="0">
        <subfield code="a">[previous entry:] Trois sonates [A, Es, G] pour le clavecin ou piano-forte, avec un violon obligé, la 3|m|e avec un violoncelle obligé, par Mozard, œuvre 8</subfield>
    </datafield>
    <datafield tag="300" ind1="1" ind2="0">
        <subfield code="a">St</subfield>
    </datafield>
    <datafield tag="490" ind1="1" ind2="0">
        <subfield code="a">A/I</subfield>
    </datafield>
    <datafield tag="593" ind1="1" ind2="0">
        <subfield code="a">print</subfield>
    </datafield>
    <datafield tag="597" ind1="1" ind2="0">
        <subfield code="a">London, Broderip &amp; Wilkinson</subfield>
    </datafield>
    <datafield tag="710" ind1=" " ind2=" ">
        <subfield code="a">Broderip &amp; Wilkinson</subfield>
        <subfield code="0">40001630</subfield>
        <subfield code="4">pbl</subfield>
    </datafield>
    <datafield tag="775" ind1=" " ind2=" ">
        <subfield code="w">00000990045090</subfield>
    </datafield>
    <datafield tag="852" ind1="1" ind2="0">
        <subfield code="a">US-CIu</subfield>
        <subfield code="x">30002246</subfield>
    </datafield>
</record>