
<record>
    <leader>00000ccm a2200000   4500</leader>
    <controlfield tag="001">00000991028531</controlfield>
    <controlfield tag="005">20141009084245.0</controlfield>
    <datafield tag="035" ind1=" " ind2=" ">
        <subfield code="a">MM 6568a</subfield>
    </datafield>
    <datafield tag="100" ind1="1" ind2=" ">
        <subfield code="a">Mozart, Wolfgang Amadeus</subfield>
        <subfield code="d">1756-1791</subfield>
        <subfield code="0">115324</subfield>
    </datafield>
    <datafield tag="240" ind1="1" ind2="0">
        <subfield code="a">Variations</subfield>
        <subfield code="0">40000087</subfield>
    </datafield>
    <datafield tag="246" ind1="1" ind2="0">
        <subfield code="a">[previous entry:] Ariette avec variations [G] pour le clavecin ou piano forte, par W. A. Mozart. N|o 7 [handschriftlich]</subfield>
    </datafield>
    <datafield tag="490" ind1="1" ind2="0">
        <subfield code="a">A/I</subfield>
    </datafield>
    <datafield tag="593" ind1="1" ind2="0">
        <subfield code="a">print</subfield>
    </datafield>
    <datafield tag="597" ind1="1" ind2="0">
        <subfield code="a">London, Clementi &amp; Co.</subfield>
    </datafield>
    <datafield tag="710" ind1=" " ind2=" ">
        <subfield code="a">Clementi</subfield>
        <subfield code="0">40011614</subfield>
        <subfield code="4">pbl</subfield>
    </datafield>
    <datafield tag="775" ind1=" " ind2=" ">
        <subfield code="w">00000990045095</subfield>
    </datafield>
    <datafield tag="852" ind1="1" ind2="0">
        <subfield code="a">US-R</subfield>
        <subfield code="x">30002450</subfield>
    </datafield>
</record>