
<record>
    <leader>00000ccm a2200000   4500</leader>
    <controlfield tag="001">00000991028476</controlfield>
    <controlfield tag="005">20141009084245.0</controlfield>
    <datafield tag="028" ind1="2" ind2="0">
        <subfield code="a">576</subfield>
    </datafield>
    <datafield tag="035" ind1=" " ind2=" ">
        <subfield code="a">MM 6474a</subfield>
    </datafield>
    <datafield tag="100" ind1="1" ind2=" ">
        <subfield code="a">Mozart, Wolfgang Amadeus</subfield>
        <subfield code="d">1756-1791</subfield>
        <subfield code="0">115324</subfield>
    </datafield>
    <datafield tag="240" ind1="1" ind2="0">
        <subfield code="a">Sonatas</subfield>
        <subfield code="0">40000016</subfield>
    </datafield>
    <datafield tag="246" ind1="1" ind2="0">
        <subfield code="a">[previous entry:] Trois sonates [C, F, Es; F, G, B] pour le clavecin ou forte piano, avec l'accompagnement d'un violon obligé ... Œuvre II (liv. 1, 2)</subfield>
    </datafield>
    <datafield tag="300" ind1="1" ind2="0">
        <subfield code="a">St</subfield>
    </datafield>
    <datafield tag="490" ind1="1" ind2="0">
        <subfield code="a">A/I</subfield>
    </datafield>
    <datafield tag="593" ind1="1" ind2="0">
        <subfield code="a">print</subfield>
    </datafield>
    <datafield tag="597" ind1="1" ind2="0">
        <subfield code="a">Mannheim, München, Düsseldorf, J. M. Götz</subfield>
    </datafield>
    <datafield tag="710" ind1=" " ind2=" ">
        <subfield code="a">Götz, Johann Michael</subfield>
        <subfield code="0">40004207</subfield>
        <subfield code="4">pbl</subfield>
    </datafield>
    <datafield tag="710" ind1=" " ind2=" ">
        <subfield code="a">Götz, Johann Michael</subfield>
        <subfield code="0">40004207</subfield>
        <subfield code="4">pbl</subfield>
    </datafield>
    <datafield tag="710" ind1=" " ind2=" ">
        <subfield code="a">Götz, Johann Michael</subfield>
        <subfield code="0">40004207</subfield>
        <subfield code="4">pbl</subfield>
    </datafield>
    <datafield tag="775" ind1=" " ind2=" ">
        <subfield code="w">00000990045008</subfield>
    </datafield>
    <datafield tag="852" ind1="1" ind2="0">
        <subfield code="a">D-Dl</subfield>
        <subfield code="q">liv. 1 / KV. 296 [vl]</subfield>
        <subfield code="x">30000042</subfield>
    </datafield>
</record>