
<record>
    <leader>00000ccm a2200000   4500</leader>
    <controlfield tag="001">00000991028479</controlfield>
    <controlfield tag="005">20140122084626.0</controlfield>
    <datafield tag="028" ind1="2" ind2="0">
        <subfield code="a">50</subfield>
    </datafield>
    <datafield tag="035" ind1=" " ind2=" ">
        <subfield code="a">MM 6480a</subfield>
    </datafield>
    <datafield tag="100" ind1="1" ind2=" ">
        <subfield code="a">Mozart, Wolfgang Amadeus</subfield>
        <subfield code="d">1756-1791</subfield>
        <subfield code="0">115324</subfield>
    </datafield>
    <datafield tag="240" ind1="1" ind2="0">
        <subfield code="a">Sonatas</subfield>
        <subfield code="m">vl, clav, pf (clav)</subfield>
        <subfield code="n">KV. 293a</subfield>
        <subfield code="0">40000016</subfield>
    </datafield>
    <datafield tag="245" ind1="1" ind2="0">
        <subfield code="a">Trois sonatas pour le clavecin ou forte piano avec l'accompagnement d'un violon ... oeuvre I, liv. I</subfield>
    </datafield>
    <datafield tag="300" ind1="1" ind2="0">
        <subfield code="a">St</subfield>
    </datafield>
    <datafield tag="490" ind1="1" ind2="0">
        <subfield code="a">A/I</subfield>
    </datafield>
    <datafield tag="593" ind1="1" ind2="0">
        <subfield code="a">print</subfield>
    </datafield>
    <datafield tag="597" ind1="1" ind2="0">
        <subfield code="a">Bonn, N. Simrock</subfield>
    </datafield>
    <datafield tag="710" ind1=" " ind2=" ">
        <subfield code="a">Simrock, Nicolaus</subfield>
        <subfield code="0">40010191</subfield>
        <subfield code="4">pbl</subfield>
    </datafield>
    <datafield tag="852" ind1="1" ind2="0">
        <subfield code="a">F-Pn</subfield>
        <subfield code="x">30001488</subfield>
    </datafield>
</record>