
<record>
    <leader>00000ccm a2200000   4500</leader>
    <controlfield tag="001">00000991028453</controlfield>
    <controlfield tag="005">20140922132651.0</controlfield>
    <datafield tag="028" ind1="2" ind2="0">
        <subfield code="a">47</subfield>
    </datafield>
    <datafield tag="035" ind1=" " ind2=" ">
        <subfield code="a">MM 6441a</subfield>
    </datafield>
    <datafield tag="100" ind1="1" ind2=" ">
        <subfield code="a">Mozart, Wolfgang Amadeus</subfield>
        <subfield code="d">1756-1791</subfield>
        <subfield code="0">115324</subfield>
    </datafield>
    <datafield tag="240" ind1="1" ind2="0">
        <subfield code="a">Trios (instr.)</subfield>
        <subfield code="m">vl, 2 vla, vlc, cl</subfield>
        <subfield code="0">40000015</subfield>
    </datafield>
    <datafield tag="245" ind1="1" ind2="0">
        <subfield code="a">Quintetto pour la clarinette principale, violon, deux violes et violoncello, arrangée d'un trio de W. A. Mozart</subfield>
    </datafield>
    <datafield tag="246" ind1="1" ind2="0">
        <subfield code="a">[previous entry:] Quintetto [Es] pour 2 violons, 2 altos et violoncelle ... arrangé d'un trio de piano-forte, par F. Tomich. Œuvre 85, N|o 2</subfield>
    </datafield>
    <datafield tag="300" ind1="1" ind2="0">
        <subfield code="a">St</subfield>
    </datafield>
    <datafield tag="490" ind1="1" ind2="0">
        <subfield code="a">A/I</subfield>
    </datafield>
    <datafield tag="593" ind1="1" ind2="0">
        <subfield code="a">print</subfield>
    </datafield>
    <datafield tag="597" ind1="1" ind2="0">
        <subfield code="a">Leipzig, Friedrich Hofmeister</subfield>
    </datafield>
    <datafield tag="710" ind1=" " ind2=" ">
        <subfield code="a">Hofmeister, Friedrich</subfield>
        <subfield code="0">40005090</subfield>
        <subfield code="4">pbl</subfield>
    </datafield>
    <datafield tag="775" ind1=" " ind2=" ">
        <subfield code="w">00000990044974</subfield>
    </datafield>
    <datafield tag="852" ind1="1" ind2="0">
        <subfield code="a">NL-At</subfield>
        <subfield code="x">30002021</subfield>
    </datafield>
</record>