
<record>
    <leader>00000ccm a2200000   4500</leader>
    <controlfield tag="001">00000991028444</controlfield>
    <controlfield tag="005">20140922132648.0</controlfield>
    <datafield tag="028" ind1="2" ind2="0">
        <subfield code="a">251</subfield>
    </datafield>
    <datafield tag="035" ind1=" " ind2=" ">
        <subfield code="a">MM 6432a</subfield>
    </datafield>
    <datafield tag="100" ind1="1" ind2=" ">
        <subfield code="a">Mozart, Wolfgang Amadeus</subfield>
        <subfield code="d">1756-1791</subfield>
        <subfield code="0">115324</subfield>
    </datafield>
    <datafield tag="240" ind1="1" ind2="0">
        <subfield code="a">Quintets (instr.)</subfield>
        <subfield code="m">vl, a-vla, b, fl</subfield>
        <subfield code="0">40000096</subfield>
    </datafield>
    <datafield tag="245" ind1="1" ind2="0">
        <subfield code="a">Quatuor pour le forte piano avec accompagnement de violon, alto et basse ... op. 38</subfield>
    </datafield>
    <datafield tag="246" ind1="1" ind2="0">
        <subfield code="a">[previous entry:] Concertante [Es] pour violon principale, hautboi, clarinette, cor, basson, violoncelle, alte, &amp; basse</subfield>
    </datafield>
    <datafield tag="300" ind1="1" ind2="0">
        <subfield code="a">St</subfield>
    </datafield>
    <datafield tag="490" ind1="1" ind2="0">
        <subfield code="a">A/I</subfield>
    </datafield>
    <datafield tag="593" ind1="1" ind2="0">
        <subfield code="a">print</subfield>
    </datafield>
    <datafield tag="597" ind1="1" ind2="0">
        <subfield code="a">Paris, Pleyel</subfield>
    </datafield>
    <datafield tag="710" ind1=" " ind2=" ">
        <subfield code="a">Pleyel</subfield>
        <subfield code="0">40008509</subfield>
        <subfield code="4">pbl</subfield>
    </datafield>
    <datafield tag="775" ind1=" " ind2=" ">
        <subfield code="w">00000990044956</subfield>
    </datafield>
    <datafield tag="852" ind1="1" ind2="0">
        <subfield code="a">D-Rp</subfield>
        <subfield code="q">2 Ex.</subfield>
        <subfield code="x">30000970</subfield>
    </datafield>
</record>