
<record>
    <leader>00000ccm a2200000   4500</leader>
    <controlfield tag="001">00000991028407</controlfield>
    <controlfield tag="005">20140922132645.0</controlfield>
    <datafield tag="035" ind1=" " ind2=" ">
        <subfield code="a">MM 6351a</subfield>
    </datafield>
    <datafield tag="100" ind1="1" ind2=" ">
        <subfield code="a">Mozart, Wolfgang Amadeus</subfield>
        <subfield code="d">1756-1791</subfield>
        <subfield code="0">115324</subfield>
    </datafield>
    <datafield tag="240" ind1="1" ind2="0">
        <subfield code="a">Divertimentos</subfield>
        <subfield code="m">vl, vlc, pf</subfield>
        <subfield code="0">40000079</subfield>
    </datafield>
    <datafield tag="245" ind1="1" ind2="0">
        <subfield code="a">A favorite trio for the piano forte, violon &amp; violoncello</subfield>
    </datafield>
    <datafield tag="246" ind1="1" ind2="0">
        <subfield code="a">[previous entry:] Divertimento [B] pour le clavecin ou forte piano a compagnement [!] violino e violoncello ... œuvre IIIme, mises au jour par M|m|e Heina</subfield>
    </datafield>
    <datafield tag="490" ind1="1" ind2="0">
        <subfield code="a">A/I</subfield>
    </datafield>
    <datafield tag="593" ind1="1" ind2="0">
        <subfield code="a">print</subfield>
    </datafield>
    <datafield tag="597" ind1="1" ind2="0">
        <subfield code="a">London, Preston</subfield>
    </datafield>
    <datafield tag="710" ind1=" " ind2=" ">
        <subfield code="a">Preston</subfield>
        <subfield code="0">40008693</subfield>
        <subfield code="4">pbl</subfield>
    </datafield>
    <datafield tag="775" ind1=" " ind2=" ">
        <subfield code="w">00000990044881</subfield>
    </datafield>
    <datafield tag="852" ind1="1" ind2="0">
        <subfield code="a">AUS-CAnl</subfield>
        <subfield code="q">pf</subfield>
        <subfield code="x">30000418</subfield>
    </datafield>
    <datafield tag="852" ind1="1" ind2="0">
        <subfield code="a">AUS-Scm</subfield>
        <subfield code="q">pf</subfield>
        <subfield code="x">30000422</subfield>
    </datafield>
</record>