
<record>
    <leader>00000ccm a2200000   4500</leader>
    <controlfield tag="001">00000991028411</controlfield>
    <controlfield tag="005">20141009084244.0</controlfield>
    <datafield tag="028" ind1="2" ind2="0">
        <subfield code="a">753</subfield>
    </datafield>
    <datafield tag="035" ind1=" " ind2=" ">
        <subfield code="a">MM 6357a</subfield>
    </datafield>
    <datafield tag="100" ind1="1" ind2=" ">
        <subfield code="a">Mozart, Wolfgang Amadeus</subfield>
        <subfield code="d">1756-1791</subfield>
        <subfield code="0">115324</subfield>
    </datafield>
    <datafield tag="240" ind1="1" ind2="0">
        <subfield code="a">Trios (instr.)</subfield>
        <subfield code="0">40000015</subfield>
    </datafield>
    <datafield tag="246" ind1="1" ind2="0">
        <subfield code="a">[previous entry:] Terzette [G] pour le forte piano ou clavecin, violon, et violoncelle, composée par Mr. Wolfgang Amad. Mozart</subfield>
    </datafield>
    <datafield tag="490" ind1="1" ind2="0">
        <subfield code="a">A/I</subfield>
    </datafield>
    <datafield tag="593" ind1="1" ind2="0">
        <subfield code="a">print</subfield>
    </datafield>
    <datafield tag="597" ind1="1" ind2="0">
        <subfield code="a">Wien, Joseph Czerny</subfield>
    </datafield>
    <datafield tag="710" ind1=" " ind2=" ">
        <subfield code="a">Czerny, Joseph</subfield>
        <subfield code="0">40002743</subfield>
        <subfield code="4">pbl</subfield>
    </datafield>
    <datafield tag="775" ind1=" " ind2=" ">
        <subfield code="w">00000990044889</subfield>
    </datafield>
    <datafield tag="852" ind1="1" ind2="0">
        <subfield code="a">US-R</subfield>
        <subfield code="x">30002450</subfield>
    </datafield>
</record>