
<record>
    <leader>00000ccm a2200000   4500</leader>
    <controlfield tag="001">00000991028382</controlfield>
    <controlfield tag="005">20140922132642.0</controlfield>
    <datafield tag="028" ind1="2" ind2="0">
        <subfield code="a">2596</subfield>
    </datafield>
    <datafield tag="035" ind1=" " ind2=" ">
        <subfield code="a">MM 6304a</subfield>
    </datafield>
    <datafield tag="100" ind1="1" ind2=" ">
        <subfield code="a">Mozart, Wolfgang Amadeus</subfield>
        <subfield code="d">1756-1791</subfield>
        <subfield code="0">115324</subfield>
    </datafield>
    <datafield tag="240" ind1="1" ind2="0">
        <subfield code="a">Divertimentos</subfield>
        <subfield code="m">pf 4hands</subfield>
        <subfield code="0">40000079</subfield>
    </datafield>
    <datafield tag="245" ind1="1" ind2="0">
        <subfield code="a">Divertissement pour violon, alto et violoncelle ... arrangé pour le piano forte à quatre mains, par Xav. Gleichauf. Op. 19</subfield>
    </datafield>
    <datafield tag="246" ind1="1" ind2="0">
        <subfield code="a">[previous entry:] Grande sonate [Es], arrangé pour le clavecin ou pianoforte, avec accompagnement d'un violon obligé, tiré d'un trio de W. A. Mozart, œuvre 21</subfield>
    </datafield>
    <datafield tag="490" ind1="1" ind2="0">
        <subfield code="a">A/I</subfield>
    </datafield>
    <datafield tag="593" ind1="1" ind2="0">
        <subfield code="a">print</subfield>
    </datafield>
    <datafield tag="597" ind1="1" ind2="0">
        <subfield code="a">Bonn, N. Simrock</subfield>
    </datafield>
    <datafield tag="710" ind1=" " ind2=" ">
        <subfield code="a">Simrock, Nicolaus</subfield>
        <subfield code="0">40010191</subfield>
        <subfield code="4">pbl</subfield>
    </datafield>
    <datafield tag="775" ind1=" " ind2=" ">
        <subfield code="w">00000990044834</subfield>
    </datafield>
    <datafield tag="852" ind1="1" ind2="0">
        <subfield code="a">D-WRhz</subfield>
        <subfield code="x">30001318</subfield>
    </datafield>
</record>