
<record>
    <leader>00000ccm a2200000   4500</leader>
    <controlfield tag="001">00000991028386</controlfield>
    <controlfield tag="005">20140922132642.0</controlfield>
    <datafield tag="028" ind1="2" ind2="0">
        <subfield code="a">965</subfield>
    </datafield>
    <datafield tag="035" ind1=" " ind2=" ">
        <subfield code="a">MM 6309a</subfield>
    </datafield>
    <datafield tag="100" ind1="1" ind2=" ">
        <subfield code="a">Mozart, Wolfgang Amadeus</subfield>
        <subfield code="d">1756-1791</subfield>
        <subfield code="0">115324</subfield>
    </datafield>
    <datafield tag="240" ind1="1" ind2="0">
        <subfield code="a">Quartets (instr.)</subfield>
        <subfield code="m">vl, vla, vlc, pf</subfield>
        <subfield code="0">40000011</subfield>
    </datafield>
    <datafield tag="245" ind1="1" ind2="0">
        <subfield code="a">Quartetto 1</subfield>
    </datafield>
    <datafield tag="246" ind1="1" ind2="0">
        <subfield code="a">[previous entry:] Quatuor [g] pour pianoforte, violon, tallie [!] et basse, composé par Mr. Wolfg. Amad. Mozart</subfield>
    </datafield>
    <datafield tag="300" ind1="1" ind2="0">
        <subfield code="a">St</subfield>
    </datafield>
    <datafield tag="490" ind1="1" ind2="0">
        <subfield code="a">A/I</subfield>
    </datafield>
    <datafield tag="593" ind1="1" ind2="0">
        <subfield code="a">print</subfield>
    </datafield>
    <datafield tag="597" ind1="1" ind2="0">
        <subfield code="a">[Wien], [Cappi]</subfield>
    </datafield>
    <datafield tag="710" ind1=" " ind2=" ">
        <subfield code="a">Cappi</subfield>
        <subfield code="0">40001940</subfield>
        <subfield code="4">pbl</subfield>
    </datafield>
    <datafield tag="775" ind1=" " ind2=" ">
        <subfield code="w">00000990044841</subfield>
    </datafield>
    <datafield tag="852" ind1="1" ind2="0">
        <subfield code="a">D-B</subfield>
        <subfield code="q">vla, vlc Titelblatt fehlt</subfield>
        <subfield code="x">30000655</subfield>
    </datafield>
</record>