
<record>
    <leader>00000ccm a2200000   4500</leader>
    <controlfield tag="001">00000991028342</controlfield>
    <controlfield tag="005">20140922132633.0</controlfield>
    <datafield tag="028" ind1="2" ind2="0">
        <subfield code="a">446</subfield>
    </datafield>
    <datafield tag="035" ind1=" " ind2=" ">
        <subfield code="a">MM 6244a</subfield>
    </datafield>
    <datafield tag="100" ind1="1" ind2=" ">
        <subfield code="a">Mozart, Wolfgang Amadeus</subfield>
        <subfield code="d">1756-1791</subfield>
        <subfield code="0">115324</subfield>
    </datafield>
    <datafield tag="240" ind1="1" ind2="0">
        <subfield code="a">Quartets (instr.)</subfield>
        <subfield code="m">pf</subfield>
        <subfield code="0">40000011</subfield>
    </datafield>
    <datafield tag="245" ind1="1" ind2="0">
        <subfield code="a">Andante für das Pianoforte gesetzt von Abbé Gelinek</subfield>
    </datafield>
    <datafield tag="246" ind1="1" ind2="0">
        <subfield code="a">[previous entry:] Le dernier œuvre des III quatuors, composés avant sa mort, par Monsieur W. A. Mozart, arrangés pour forte piano, violon, et alto, par Mr. J. Freystädtler. N|o III [F]</subfield>
    </datafield>
    <datafield tag="490" ind1="1" ind2="0">
        <subfield code="a">A/I</subfield>
    </datafield>
    <datafield tag="593" ind1="1" ind2="0">
        <subfield code="a">print</subfield>
    </datafield>
    <datafield tag="597" ind1="1" ind2="0">
        <subfield code="a">Wien, Maisch</subfield>
    </datafield>
    <datafield tag="710" ind1=" " ind2=" ">
        <subfield code="a">Maisch, Ludwig</subfield>
        <subfield code="0">40007083</subfield>
        <subfield code="4">pbl</subfield>
    </datafield>
    <datafield tag="775" ind1=" " ind2=" ">
        <subfield code="w">00000990044777</subfield>
    </datafield>
    <datafield tag="852" ind1="1" ind2="0">
        <subfield code="a">H-Bn</subfield>
        <subfield code="x">30000134</subfield>
    </datafield>
</record>