
<record>
    <leader>00000ccm a2200000   4500</leader>
    <controlfield tag="001">00000991028350</controlfield>
    <controlfield tag="005">20140922132636.0</controlfield>
    <datafield tag="028" ind1="2" ind2="0">
        <subfield code="a">2033</subfield>
    </datafield>
    <datafield tag="035" ind1=" " ind2=" ">
        <subfield code="a">MM 6251a</subfield>
    </datafield>
    <datafield tag="100" ind1="1" ind2=" ">
        <subfield code="a">Mozart, Wolfgang Amadeus</subfield>
        <subfield code="d">1756-1791</subfield>
        <subfield code="0">115324</subfield>
    </datafield>
    <datafield tag="240" ind1="1" ind2="0">
        <subfield code="a">Divertimentos</subfield>
        <subfield code="m">vl, vla, vlc</subfield>
        <subfield code="0">40000079</subfield>
    </datafield>
    <datafield tag="245" ind1="1" ind2="0">
        <subfield code="a">Divertissement pour violon, alto et violoncelle, composé par W. A. Mozart. Oeuvre 19, seconde édition</subfield>
    </datafield>
    <datafield tag="246" ind1="1" ind2="0">
        <subfield code="a">[previous entry:] Gran trio [Es] per violino, viola, e basso, composto dal Sigr. W. A. Mozart, opera 19</subfield>
    </datafield>
    <datafield tag="300" ind1="1" ind2="0">
        <subfield code="a">St</subfield>
    </datafield>
    <datafield tag="490" ind1="1" ind2="0">
        <subfield code="a">A/I</subfield>
    </datafield>
    <datafield tag="593" ind1="1" ind2="0">
        <subfield code="a">print</subfield>
    </datafield>
    <datafield tag="597" ind1="1" ind2="0">
        <subfield code="a">Offenbach, Jean André</subfield>
    </datafield>
    <datafield tag="710" ind1=" " ind2=" ">
        <subfield code="a">André, Johann</subfield>
        <subfield code="0">40000344</subfield>
        <subfield code="4">pbl</subfield>
    </datafield>
    <datafield tag="775" ind1=" " ind2=" ">
        <subfield code="w">00000990044783</subfield>
    </datafield>
    <datafield tag="852" ind1="1" ind2="0">
        <subfield code="a">D-B</subfield>
        <subfield code="q">Titelblatt: mit No. 2033 innen mit No. 270 vgl. M 6253</subfield>
        <subfield code="x">30000655</subfield>
    </datafield>
    <datafield tag="852" ind1="1" ind2="0">
        <subfield code="a">HR-Zh</subfield>
        <subfield code="q">fehlt Titelblatt</subfield>
        <subfield code="x">30002567</subfield>
    </datafield>
    <datafield tag="852" ind1="1" ind2="0">
        <subfield code="a">NL-DHgm</subfield>
        <subfield code="q">fehlt Titelblatt</subfield>
        <subfield code="x">30002028</subfield>
    </datafield>
</record>