
<record>
    <leader>00000ccm a2200000   4500</leader>
    <controlfield tag="001">00000991028337</controlfield>
    <controlfield tag="005">20141009084244.0</controlfield>
    <datafield tag="028" ind1="2" ind2="0">
        <subfield code="a">1609; 1619; 1620; 1621</subfield>
    </datafield>
    <datafield tag="035" ind1=" " ind2=" ">
        <subfield code="a">MM 6236a</subfield>
    </datafield>
    <datafield tag="100" ind1="1" ind2=" ">
        <subfield code="a">Mozart, Wolfgang Amadeus</subfield>
        <subfield code="d">1756-1791</subfield>
        <subfield code="0">115324</subfield>
    </datafield>
    <datafield tag="240" ind1="1" ind2="0">
        <subfield code="a">Quartets (instr.)</subfield>
        <subfield code="0">40000011</subfield>
    </datafield>
    <datafield tag="246" ind1="1" ind2="0">
        <subfield code="a">[previous entry:] Trio [D] pour le clavecin ou piano-forte, avec un violon et violoncello, tiré d'un quatuor de W. A. Mozart. Œuvre 27</subfield>
    </datafield>
    <datafield tag="300" ind1="1" ind2="0">
        <subfield code="a">KLA</subfield>
    </datafield>
    <datafield tag="490" ind1="1" ind2="0">
        <subfield code="a">A/I</subfield>
    </datafield>
    <datafield tag="593" ind1="1" ind2="0">
        <subfield code="a">print</subfield>
    </datafield>
    <datafield tag="597" ind1="1" ind2="0">
        <subfield code="a">Bonn, N. Simrock</subfield>
    </datafield>
    <datafield tag="710" ind1=" " ind2=" ">
        <subfield code="a">Simrock, Nicolaus</subfield>
        <subfield code="0">40010191</subfield>
        <subfield code="4">pbl</subfield>
    </datafield>
    <datafield tag="775" ind1=" " ind2=" ">
        <subfield code="w">00000990044766</subfield>
    </datafield>
    <datafield tag="852" ind1="1" ind2="0">
        <subfield code="a">D-B</subfield>
        <subfield code="q">N|o. 7</subfield>
        <subfield code="x">30000655</subfield>
    </datafield>
    <datafield tag="852" ind1="1" ind2="0">
        <subfield code="a">D-Dl</subfield>
        <subfield code="q">N|o 7-9</subfield>
        <subfield code="x">30000042</subfield>
    </datafield>
</record>