
<record>
    <leader>00000ccm a2200000   4500</leader>
    <controlfield tag="001">00000991028334</controlfield>
    <controlfield tag="005">20140922132633.0</controlfield>
    <datafield tag="028" ind1="2" ind2="0">
        <subfield code="a">4081; (4082)</subfield>
    </datafield>
    <datafield tag="035" ind1=" " ind2=" ">
        <subfield code="a">MM 6124a</subfield>
    </datafield>
    <datafield tag="100" ind1="1" ind2=" ">
        <subfield code="a">Mozart, Wolfgang Amadeus</subfield>
        <subfield code="d">1756-1791</subfield>
        <subfield code="0">115324</subfield>
    </datafield>
    <datafield tag="240" ind1="1" ind2="0">
        <subfield code="a">Quartets (instr.)</subfield>
        <subfield code="m">2 vl, a-vla, vlc</subfield>
        <subfield code="0">40000011</subfield>
    </datafield>
    <datafield tag="245" ind1="1" ind2="0">
        <subfield code="a">N|o 3 (-4) des dix principaux quatuors pour deux violons, alto et violoncelle ... édition faite d'après la partition en manuscrit</subfield>
    </datafield>
    <datafield tag="246" ind1="1" ind2="0">
        <subfield code="a">[previous entry:] 1|r livre des dix principaux quatuors pour deux violons, alto et violoncelle, composés par W. A. Mozart. Édition faite d'après le manuscrit original de l'auteur</subfield>
    </datafield>
    <datafield tag="300" ind1="1" ind2="0">
        <subfield code="a">St</subfield>
    </datafield>
    <datafield tag="490" ind1="1" ind2="0">
        <subfield code="a">A/I</subfield>
    </datafield>
    <datafield tag="593" ind1="1" ind2="0">
        <subfield code="a">print</subfield>
    </datafield>
    <datafield tag="597" ind1="1" ind2="0">
        <subfield code="a">Offenbach, J. André</subfield>
    </datafield>
    <datafield tag="710" ind1=" " ind2=" ">
        <subfield code="a">André, Johann</subfield>
        <subfield code="0">40000344</subfield>
        <subfield code="4">pbl</subfield>
    </datafield>
    <datafield tag="775" ind1=" " ind2=" ">
        <subfield code="w">00000990044659</subfield>
    </datafield>
    <datafield tag="852" ind1="1" ind2="0">
        <subfield code="a">D-B</subfield>
        <subfield code="q">N|o 3: KV. 575, 590 N|o 4: KV. 589, 499, 546</subfield>
        <subfield code="x">30000655</subfield>
    </datafield>
</record>