
<record>
    <leader>00000ccm a2200000   4500</leader>
    <controlfield tag="001">00000991028329</controlfield>
    <controlfield tag="005">20140922132630.0</controlfield>
    <datafield tag="035" ind1=" " ind2=" ">
        <subfield code="a">MM 6225a</subfield>
    </datafield>
    <datafield tag="100" ind1="1" ind2=" ">
        <subfield code="a">Mozart, Wolfgang Amadeus</subfield>
        <subfield code="d">1756-1791</subfield>
        <subfield code="0">115324</subfield>
    </datafield>
    <datafield tag="240" ind1="1" ind2="0">
        <subfield code="a">Quartets (instr.)</subfield>
        <subfield code="m">pf 4hands</subfield>
        <subfield code="0">40000011</subfield>
    </datafield>
    <datafield tag="245" ind1="1" ind2="0">
        <subfield code="a">A duet for two performers on one piano-forte; arranged from Mozart's quartett by J. N. Hüllmandel</subfield>
    </datafield>
    <datafield tag="246" ind1="1" ind2="0">
        <subfield code="a">[previous entry:] Quatuor [A] de W. A. Mozart, arrangé pour le piano forté à quatre mains, par C. D. Stegmann. N|o 5 [handschriftlich]</subfield>
    </datafield>
    <datafield tag="490" ind1="1" ind2="0">
        <subfield code="a">A/I</subfield>
    </datafield>
    <datafield tag="593" ind1="1" ind2="0">
        <subfield code="a">print</subfield>
    </datafield>
    <datafield tag="597" ind1="1" ind2="0">
        <subfield code="a">London, R. Birchall</subfield>
    </datafield>
    <datafield tag="710" ind1=" " ind2=" ">
        <subfield code="a">Birchall, Robert</subfield>
        <subfield code="0">40001098</subfield>
        <subfield code="4">pbl</subfield>
    </datafield>
    <datafield tag="775" ind1=" " ind2=" ">
        <subfield code="w">00000990044761</subfield>
    </datafield>
    <datafield tag="852" ind1="1" ind2="0">
        <subfield code="a">GB-Lbl</subfield>
        <subfield code="x">30001581</subfield>
    </datafield>
</record>