
<record>
    <leader>00000ccm a2200000   4500</leader>
    <controlfield tag="001">00000991028318</controlfield>
    <controlfield tag="005">20140122084625.0</controlfield>
    <datafield tag="028" ind1="2" ind2="0">
        <subfield code="a">1069</subfield>
    </datafield>
    <datafield tag="035" ind1=" " ind2=" ">
        <subfield code="a">MM 6211a</subfield>
    </datafield>
    <datafield tag="100" ind1="1" ind2=" ">
        <subfield code="a">Mozart, Wolfgang Amadeus</subfield>
        <subfield code="d">1756-1791</subfield>
        <subfield code="0">115324</subfield>
    </datafield>
    <datafield tag="240" ind1="1" ind2="0">
        <subfield code="a">Quartets (instr.)</subfield>
        <subfield code="m">pf 4hands</subfield>
        <subfield code="n">KV. B387</subfield>
        <subfield code="0">40000011</subfield>
    </datafield>
    <datafield tag="245" ind1="1" ind2="0">
        <subfield code="a">Quatuor de W. A. Mozart, arrangée pour le piano-forté à quatre mains, par C. D. Stegmann</subfield>
    </datafield>
    <datafield tag="300" ind1="1" ind2="0">
        <subfield code="a">KLA</subfield>
    </datafield>
    <datafield tag="490" ind1="1" ind2="0">
        <subfield code="a">A/I</subfield>
    </datafield>
    <datafield tag="593" ind1="1" ind2="0">
        <subfield code="a">print</subfield>
    </datafield>
    <datafield tag="597" ind1="1" ind2="0">
        <subfield code="a">Bonn, N. Simrock</subfield>
    </datafield>
    <datafield tag="710" ind1=" " ind2=" ">
        <subfield code="a">Simrock, Nicolaus</subfield>
        <subfield code="0">40010191</subfield>
        <subfield code="4">pbl</subfield>
    </datafield>
    <datafield tag="852" ind1="1" ind2="0">
        <subfield code="a">D-Dl</subfield>
        <subfield code="x">30000042</subfield>
    </datafield>
    <datafield tag="852" ind1="1" ind2="0">
        <subfield code="a">D-F</subfield>
        <subfield code="q">[handschriftlich:] N|o I</subfield>
        <subfield code="x">30000125</subfield>
    </datafield>
    <datafield tag="852" ind1="1" ind2="0">
        <subfield code="a">D-MZfederhofer</subfield>
        <subfield code="x">30000924</subfield>
    </datafield>
</record>