
<record>
    <leader>00000ccm a2200000   4500</leader>
    <controlfield tag="001">00000991027749</controlfield>
    <controlfield tag="005">20140922132549.0</controlfield>
    <datafield tag="028" ind1="2" ind2="0">
        <subfield code="a">1679</subfield>
    </datafield>
    <datafield tag="035" ind1=" " ind2=" ">
        <subfield code="a">MM 6035c</subfield>
    </datafield>
    <datafield tag="100" ind1="1" ind2=" ">
        <subfield code="a">Mozart, Wolfgang Amadeus</subfield>
        <subfield code="d">1756-1791</subfield>
        <subfield code="0">115324</subfield>
    </datafield>
    <datafield tag="240" ind1="1" ind2="0">
        <subfield code="a">Quintets (instr.)</subfield>
        <subfield code="m">vl, 2 a-vla, vlc, cl</subfield>
        <subfield code="0">40000096</subfield>
    </datafield>
    <datafield tag="245" ind1="1" ind2="0">
        <subfield code="a">Quintetto pour clarinette, violon, deux alto et violoncelle, composés par W. A. Mozart</subfield>
    </datafield>
    <datafield tag="246" ind1="1" ind2="0">
        <subfield code="a">[previous entry:] Quintetto [A] pour clarinette, deux violons, alto, et violoncelle</subfield>
    </datafield>
    <datafield tag="300" ind1="1" ind2="0">
        <subfield code="a">St</subfield>
    </datafield>
    <datafield tag="490" ind1="1" ind2="0">
        <subfield code="a">A/I</subfield>
    </datafield>
    <datafield tag="593" ind1="1" ind2="0">
        <subfield code="a">print</subfield>
    </datafield>
    <datafield tag="597" ind1="1" ind2="0">
        <subfield code="a">Paris, Sieber</subfield>
    </datafield>
    <datafield tag="710" ind1=" " ind2=" ">
        <subfield code="a">Sieber</subfield>
        <subfield code="0">40010070</subfield>
        <subfield code="4">pbl</subfield>
    </datafield>
    <datafield tag="775" ind1=" " ind2=" ">
        <subfield code="w">00000990044569</subfield>
    </datafield>
    <datafield tag="852" ind1="1" ind2="0">
        <subfield code="a">A-Wn</subfield>
        <subfield code="x">30000398</subfield>
    </datafield>
</record>