
<record>
    <leader>00000ccm a2200000   4500</leader>
    <controlfield tag="001">00000991027723</controlfield>
    <controlfield tag="005">20141009084240.0</controlfield>
    <datafield tag="035" ind1=" " ind2=" ">
        <subfield code="a">MM 5999a</subfield>
    </datafield>
    <datafield tag="100" ind1="1" ind2=" ">
        <subfield code="a">Mozart, Wolfgang Amadeus</subfield>
        <subfield code="d">1756-1791</subfield>
        <subfield code="0">115324</subfield>
    </datafield>
    <datafield tag="240" ind1="1" ind2="0">
        <subfield code="a">Quintets (instr.)</subfield>
        <subfield code="0">40000096</subfield>
    </datafield>
    <datafield tag="246" ind1="1" ind2="0">
        <subfield code="a">[previous entry:] Grand quintetto [g] per due violini, due viole e violoncello, del Sig. Mozart. N|o 2 [handschriftlich]</subfield>
    </datafield>
    <datafield tag="490" ind1="1" ind2="0">
        <subfield code="a">A/I</subfield>
    </datafield>
    <datafield tag="593" ind1="1" ind2="0">
        <subfield code="a">print</subfield>
    </datafield>
    <datafield tag="597" ind1="1" ind2="0">
        <subfield code="a">London, Preston</subfield>
    </datafield>
    <datafield tag="710" ind1=" " ind2=" ">
        <subfield code="a">Preston</subfield>
        <subfield code="0">40008693</subfield>
        <subfield code="4">pbl</subfield>
    </datafield>
    <datafield tag="775" ind1=" " ind2=" ">
        <subfield code="w">00000990044525</subfield>
    </datafield>
    <datafield tag="852" ind1="1" ind2="0">
        <subfield code="a">GB-SHE</subfield>
        <subfield code="x">30001650</subfield>
    </datafield>
</record>