
<record>
    <leader>00000ccm a2200000   4500</leader>
    <controlfield tag="001">00000991027700</controlfield>
    <controlfield tag="005">20140122084620.0</controlfield>
    <datafield tag="028" ind1="2" ind2="0">
        <subfield code="a">216</subfield>
    </datafield>
    <datafield tag="035" ind1=" " ind2=" ">
        <subfield code="a">MM 7237a</subfield>
    </datafield>
    <datafield tag="100" ind1="1" ind2=" ">
        <subfield code="a">Mozart, Wolfgang Amadeus</subfield>
        <subfield code="d">1756-1791</subfield>
        <subfield code="0">115324</subfield>
    </datafield>
    <datafield tag="240" ind1="1" ind2="0">
        <subfield code="a">Sonatas</subfield>
        <subfield code="m">vl, pf</subfield>
        <subfield code="n">KV. 454</subfield>
        <subfield code="0">40000016</subfield>
    </datafield>
    <datafield tag="245" ind1="1" ind2="0">
        <subfield code="a">Coll. comp. N|o 5. Sonate pour le forte piano accompagné d'un violon</subfield>
    </datafield>
    <datafield tag="300" ind1="1" ind2="0">
        <subfield code="a">St</subfield>
    </datafield>
    <datafield tag="490" ind1="1" ind2="0">
        <subfield code="a">A/I</subfield>
    </datafield>
    <datafield tag="500" ind1="1" ind2="0">
        <subfield code="a">vgl. M 6538</subfield>
    </datafield>
    <datafield tag="593" ind1="1" ind2="0">
        <subfield code="a">print</subfield>
    </datafield>
    <datafield tag="597" ind1="1" ind2="0">
        <subfield code="a">Braunschweig, Musikalisches Magazin auf der Höhe</subfield>
    </datafield>
    <datafield tag="710" ind1=" " ind2=" ">
        <subfield code="a">Musikalisches Magazin auf der Höhe</subfield>
        <subfield code="0">40007815</subfield>
        <subfield code="4">pbl</subfield>
    </datafield>
    <datafield tag="852" ind1="1" ind2="0">
        <subfield code="a">DK-Kmk</subfield>
        <subfield code="x">30001345</subfield>
    </datafield>
</record>