
<record>
    <leader>00000ccm a2200000   4500</leader>
    <controlfield tag="001">00000991027684</controlfield>
    <controlfield tag="005">20140922132543.0</controlfield>
    <datafield tag="035" ind1=" " ind2=" ">
        <subfield code="a">MM 5943a</subfield>
    </datafield>
    <datafield tag="100" ind1="1" ind2=" ">
        <subfield code="a">Mozart, Wolfgang Amadeus</subfield>
        <subfield code="d">1756-1791</subfield>
        <subfield code="0">115324</subfield>
    </datafield>
    <datafield tag="240" ind1="1" ind2="0">
        <subfield code="a">Quintets (instr.)</subfield>
        <subfield code="m">2 vl, 2 vla, vlc</subfield>
        <subfield code="0">40000096</subfield>
    </datafield>
    <datafield tag="245" ind1="1" ind2="0">
        <subfield code="a">Raccolta di duetti, trio, quartetti e quintetti ... 6|o quintetto per 2 violini, 2 viole e cello</subfield>
    </datafield>
    <datafield tag="246" ind1="1" ind2="0">
        <subfield code="a">[previous entry:] Grand quintetto [B] per due violini, due viole e violoncello del Sig. Mozart. N|o 6</subfield>
    </datafield>
    <datafield tag="490" ind1="1" ind2="0">
        <subfield code="a">A/I</subfield>
    </datafield>
    <datafield tag="593" ind1="1" ind2="0">
        <subfield code="a">print</subfield>
    </datafield>
    <datafield tag="597" ind1="1" ind2="0">
        <subfield code="a">London, Clementi, Banger, Collard, Davis &amp; Collard</subfield>
    </datafield>
    <datafield tag="710" ind1=" " ind2=" ">
        <subfield code="a">Clementi, Banger, Collard, Davis &amp; Collard</subfield>
        <subfield code="0">40011999</subfield>
        <subfield code="4">pbl</subfield>
    </datafield>
    <datafield tag="775" ind1=" " ind2=" ">
        <subfield code="w">00000990044479</subfield>
    </datafield>
    <datafield tag="852" ind1="1" ind2="0">
        <subfield code="a">CH-N</subfield>
        <subfield code="q">vl II, vla I, vlc</subfield>
        <subfield code="x">30000233</subfield>
    </datafield>
</record>