
<record>
    <leader>00000ccm a2200000   4500</leader>
    <controlfield tag="001">00000991027606</controlfield>
    <controlfield tag="005">20140922132539.0</controlfield>
    <datafield tag="028" ind1="2" ind2="0">
        <subfield code="a">426</subfield>
    </datafield>
    <datafield tag="035" ind1=" " ind2=" ">
        <subfield code="a">MM 5810a</subfield>
    </datafield>
    <datafield tag="100" ind1="1" ind2=" ">
        <subfield code="a">Mozart, Wolfgang Amadeus</subfield>
        <subfield code="d">1756-1791</subfield>
        <subfield code="0">115324</subfield>
    </datafield>
    <datafield tag="240" ind1="1" ind2="0">
        <subfield code="a">Concertos</subfield>
        <subfield code="m">clav, pf (clav), orch</subfield>
        <subfield code="0">40000014</subfield>
    </datafield>
    <datafield tag="245" ind1="1" ind2="0">
        <subfield code="a">[7|è|m|e] Concerto pour clavecin ou pianoforte</subfield>
    </datafield>
    <datafield tag="246" ind1="1" ind2="0">
        <subfield code="a">[previous entry:] Concerto [Es] pour le clavecin, ou piano-forté, avec accompagnement de plusieurs instruments, composé par Mozart. Œuvre 23me</subfield>
    </datafield>
    <datafield tag="300" ind1="1" ind2="0">
        <subfield code="a">St</subfield>
    </datafield>
    <datafield tag="490" ind1="1" ind2="0">
        <subfield code="a">A/I</subfield>
    </datafield>
    <datafield tag="593" ind1="1" ind2="0">
        <subfield code="a">print</subfield>
    </datafield>
    <datafield tag="597" ind1="1" ind2="0">
        <subfield code="a">Paris, Imbault</subfield>
    </datafield>
    <datafield tag="710" ind1=" " ind2=" ">
        <subfield code="a">Imbault</subfield>
        <subfield code="0">40005335</subfield>
        <subfield code="4">pbl</subfield>
    </datafield>
    <datafield tag="775" ind1=" " ind2=" ">
        <subfield code="w">00000990044344</subfield>
    </datafield>
    <datafield tag="852" ind1="1" ind2="0">
        <subfield code="a">B-Lc</subfield>
        <subfield code="q">clav</subfield>
        <subfield code="x">30000449</subfield>
    </datafield>
    <datafield tag="852" ind1="1" ind2="0">
        <subfield code="a">D-MLHb</subfield>
        <subfield code="x">30000057</subfield>
    </datafield>
    <datafield tag="852" ind1="1" ind2="0">
        <subfield code="a">DK-Kk</subfield>
        <subfield code="x">30001344</subfield>
    </datafield>
</record>