
<record>
    <leader>00000ccm a2200000   4500</leader>
    <controlfield tag="001">00000991027564</controlfield>
    <controlfield tag="005">20140922132536.0</controlfield>
    <datafield tag="028" ind1="2" ind2="0">
        <subfield code="a">1555</subfield>
    </datafield>
    <datafield tag="035" ind1=" " ind2=" ">
        <subfield code="a">MM 5752a</subfield>
    </datafield>
    <datafield tag="100" ind1="1" ind2=" ">
        <subfield code="a">Mozart, Wolfgang Amadeus</subfield>
        <subfield code="d">1756-1791</subfield>
        <subfield code="0">115324</subfield>
    </datafield>
    <datafield tag="240" ind1="1" ind2="0">
        <subfield code="a">Symphonies concertantes</subfield>
        <subfield code="m">vl, a-vla, 2 vl, a-vla, b, 2 ob, 2 cor</subfield>
        <subfield code="0">40000013</subfield>
    </datafield>
    <datafield tag="245" ind1="1" ind2="0">
        <subfield code="a">Sinfonie concertante pour violon et alto principaux, deux violons, alto et basse, deux hautbois, deux cors</subfield>
    </datafield>
    <datafield tag="246" ind1="1" ind2="0">
        <subfield code="a">[previous entry:] Sinfonie concertante [Es] pour violon &amp; alto ... œuvre 104</subfield>
    </datafield>
    <datafield tag="300" ind1="1" ind2="0">
        <subfield code="a">St</subfield>
    </datafield>
    <datafield tag="490" ind1="1" ind2="0">
        <subfield code="a">A/I</subfield>
    </datafield>
    <datafield tag="593" ind1="1" ind2="0">
        <subfield code="a">print</subfield>
    </datafield>
    <datafield tag="597" ind1="1" ind2="0">
        <subfield code="a">Paris, Sieber père</subfield>
    </datafield>
    <datafield tag="710" ind1=" " ind2=" ">
        <subfield code="a">Sieber, Jean-Georges</subfield>
        <subfield code="0">40010120</subfield>
        <subfield code="4">pbl</subfield>
    </datafield>
    <datafield tag="775" ind1=" " ind2=" ">
        <subfield code="w">00000990044289</subfield>
    </datafield>
    <datafield tag="852" ind1="1" ind2="0">
        <subfield code="a">D-Mbs</subfield>
        <subfield code="q">kpl. die Bläserstimmen sind unvollständig, handschriftlich ergänzt</subfield>
        <subfield code="x">30000882</subfield>
    </datafield>
    <datafield tag="852" ind1="1" ind2="0">
        <subfield code="a">RUS-Mrg</subfield>
        <subfield code="x">30002528</subfield>
    </datafield>
</record>