
<record>
    <leader>00000ccm a2200000   4500</leader>
    <controlfield tag="001">00000991027552</controlfield>
    <controlfield tag="005">20140922132534.0</controlfield>
    <datafield tag="035" ind1=" " ind2=" ">
        <subfield code="a">MM 5742b</subfield>
    </datafield>
    <datafield tag="100" ind1="1" ind2=" ">
        <subfield code="a">Mozart, Wolfgang Amadeus</subfield>
        <subfield code="d">1756-1791</subfield>
        <subfield code="0">115324</subfield>
    </datafield>
    <datafield tag="240" ind1="1" ind2="0">
        <subfield code="a">Ländler</subfield>
        <subfield code="0">40000208</subfield>
    </datafield>
    <datafield tag="245" ind1="1" ind2="0">
        <subfield code="a">A favorite waltzer</subfield>
    </datafield>
    <datafield tag="246" ind1="1" ind2="0">
        <subfield code="a">[previous entry:] VI. Ländlerische Tänze für 2 Violinen und Baß</subfield>
    </datafield>
    <datafield tag="300" ind1="1" ind2="0">
        <subfield code="a">KLA</subfield>
    </datafield>
    <datafield tag="490" ind1="1" ind2="0">
        <subfield code="a">A/I</subfield>
    </datafield>
    <datafield tag="593" ind1="1" ind2="0">
        <subfield code="a">print</subfield>
    </datafield>
    <datafield tag="597" ind1="1" ind2="0">
        <subfield code="a">Philadelphia, I. C. Hommann</subfield>
    </datafield>
    <datafield tag="710" ind1=" " ind2=" ">
        <subfield code="a">Hommann, I. C.</subfield>
        <subfield code="0">40090506</subfield>
        <subfield code="4">pbl</subfield>
    </datafield>
    <datafield tag="775" ind1=" " ind2=" ">
        <subfield code="w">00000990044278</subfield>
    </datafield>
    <datafield tag="852" ind1="1" ind2="0">
        <subfield code="a">US-GLvauclain</subfield>
        <subfield code="x">30002283</subfield>
    </datafield>
</record>