
<record>
    <leader>00000ccm a2200000   4500</leader>
    <controlfield tag="001">00000991027538</controlfield>
    <controlfield tag="005">20140122084619.0</controlfield>
    <datafield tag="035" ind1=" " ind2=" ">
        <subfield code="a">MM 5713a</subfield>
    </datafield>
    <datafield tag="100" ind1="1" ind2=" ">
        <subfield code="a">Mozart, Wolfgang Amadeus</subfield>
        <subfield code="d">1756-1791</subfield>
        <subfield code="0">115324</subfield>
    </datafield>
    <datafield tag="240" ind1="1" ind2="0">
        <subfield code="a">Ländler</subfield>
        <subfield code="m">pf</subfield>
        <subfield code="n">KV. 606/1;  KV. C29.18;  KV. C29.19</subfield>
        <subfield code="0">40000208</subfield>
    </datafield>
    <datafield tag="245" ind1="1" ind2="0">
        <subfield code="a">Three favorite waltzes [à pf]</subfield>
    </datafield>
    <datafield tag="490" ind1="1" ind2="0">
        <subfield code="a">A/I</subfield>
    </datafield>
    <datafield tag="593" ind1="1" ind2="0">
        <subfield code="a">print</subfield>
    </datafield>
    <datafield tag="597" ind1="1" ind2="0">
        <subfield code="a">Edinburgh, Penson; Robertson &amp; Co.</subfield>
    </datafield>
    <datafield tag="710" ind1=" " ind2=" ">
        <subfield code="a">Penson</subfield>
        <subfield code="0">40008278</subfield>
        <subfield code="4">pbl</subfield>
    </datafield>
    <datafield tag="710" ind1=" " ind2=" ">
        <subfield code="a">Robertson, John jun</subfield>
        <subfield code="0">40009121</subfield>
        <subfield code="4">pbl</subfield>
    </datafield>
    <datafield tag="852" ind1="1" ind2="0">
        <subfield code="a">RUS-Mrg</subfield>
        <subfield code="x">30002528</subfield>
    </datafield>
</record>