
<record>
    <leader>00000ccm a2200000   4500</leader>
    <controlfield tag="001">00000991027543</controlfield>
    <controlfield tag="005">20140122084619.0</controlfield>
    <datafield tag="028" ind1="2" ind2="0">
        <subfield code="a">2243</subfield>
    </datafield>
    <datafield tag="035" ind1=" " ind2=" ">
        <subfield code="a">MM 5718a</subfield>
    </datafield>
    <datafield tag="100" ind1="1" ind2=" ">
        <subfield code="a">Mozart, Wolfgang Amadeus</subfield>
        <subfield code="d">1756-1791</subfield>
        <subfield code="0">115324</subfield>
    </datafield>
    <datafield tag="240" ind1="1" ind2="0">
        <subfield code="a">Marches</subfield>
        <subfield code="m">pf</subfield>
        <subfield code="n">KV. 385a</subfield>
        <subfield code="0">40000021</subfield>
    </datafield>
    <datafield tag="245" ind1="1" ind2="0">
        <subfield code="a">Marches pour piano-forte ... N|o 4</subfield>
    </datafield>
    <datafield tag="490" ind1="1" ind2="0">
        <subfield code="a">A/I</subfield>
    </datafield>
    <datafield tag="593" ind1="1" ind2="0">
        <subfield code="a">print</subfield>
    </datafield>
    <datafield tag="597" ind1="1" ind2="0">
        <subfield code="a">Offenbach, J. André</subfield>
    </datafield>
    <datafield tag="710" ind1=" " ind2=" ">
        <subfield code="a">André, Johann</subfield>
        <subfield code="0">40000344</subfield>
        <subfield code="4">pbl</subfield>
    </datafield>
    <datafield tag="852" ind1="1" ind2="0">
        <subfield code="a">CZ-K</subfield>
        <subfield code="x">30000183</subfield>
    </datafield>
</record>