
<record>
    <leader>00000ccm a2200000   4500</leader>
    <controlfield tag="001">00000991027523</controlfield>
    <controlfield tag="005">20141009084239.0</controlfield>
    <datafield tag="028" ind1="2" ind2="0">
        <subfield code="a">214</subfield>
    </datafield>
    <datafield tag="035" ind1=" " ind2=" ">
        <subfield code="a">MM 5673a</subfield>
    </datafield>
    <datafield tag="100" ind1="1" ind2=" ">
        <subfield code="a">Mozart, Wolfgang Amadeus</subfield>
        <subfield code="d">1756-1791</subfield>
        <subfield code="0">115324</subfield>
    </datafield>
    <datafield tag="240" ind1="1" ind2="0">
        <subfield code="a">Deutsche Tänze</subfield>
        <subfield code="0">40000188</subfield>
    </datafield>
    <datafield tag="246" ind1="1" ind2="0">
        <subfield code="a">[previous entry:] 12 Deutsche Taenze, für das Clavier übersetzt, welche in dem K.K. Redouten-Saal in Wien aufgeführet worden. Componirt von Herrn Kapellmeister W. A. Mozart</subfield>
    </datafield>
    <datafield tag="490" ind1="1" ind2="0">
        <subfield code="a">A/I</subfield>
    </datafield>
    <datafield tag="593" ind1="1" ind2="0">
        <subfield code="a">print</subfield>
    </datafield>
    <datafield tag="597" ind1="1" ind2="0">
        <subfield code="a">München, Mannheim, Düsseldorf, J. M. Götz</subfield>
    </datafield>
    <datafield tag="710" ind1=" " ind2=" ">
        <subfield code="a">Götz, Johann Michael</subfield>
        <subfield code="0">40004207</subfield>
        <subfield code="4">pbl</subfield>
    </datafield>
    <datafield tag="710" ind1=" " ind2=" ">
        <subfield code="a">Götz, Johann Michael</subfield>
        <subfield code="0">40004207</subfield>
        <subfield code="4">pbl</subfield>
    </datafield>
    <datafield tag="710" ind1=" " ind2=" ">
        <subfield code="a">Götz, Johann Michael</subfield>
        <subfield code="0">40004207</subfield>
        <subfield code="4">pbl</subfield>
    </datafield>
    <datafield tag="775" ind1=" " ind2=" ">
        <subfield code="w">00000990044209</subfield>
    </datafield>
    <datafield tag="852" ind1="1" ind2="0">
        <subfield code="a">H-KE</subfield>
        <subfield code="x">30000074</subfield>
    </datafield>
</record>