
<record>
    <leader>00000ccm a2200000   4500</leader>
    <controlfield tag="001">00000991027525</controlfield>
    <controlfield tag="005">20140122084618.0</controlfield>
    <datafield tag="028" ind1="2" ind2="0">
        <subfield code="a">26; (1507)</subfield>
    </datafield>
    <datafield tag="035" ind1=" " ind2=" ">
        <subfield code="a">MM 5680a</subfield>
    </datafield>
    <datafield tag="100" ind1="1" ind2=" ">
        <subfield code="a">Mozart, Wolfgang Amadeus</subfield>
        <subfield code="d">1756-1791</subfield>
        <subfield code="0">115324</subfield>
    </datafield>
    <datafield tag="240" ind1="1" ind2="0">
        <subfield code="a">Deutsche Tänze</subfield>
        <subfield code="m">pf</subfield>
        <subfield code="n">KV. 567/4;  KV. 567/5;  KV. 567/6;  KV. 536/4</subfield>
        <subfield code="0">40000188</subfield>
    </datafield>
    <datafield tag="245" ind1="1" ind2="0">
        <subfield code="a">4 Deutsche Tänze de Mozart, réduites pour piano</subfield>
    </datafield>
    <datafield tag="490" ind1="1" ind2="0">
        <subfield code="a">A/I</subfield>
    </datafield>
    <datafield tag="593" ind1="1" ind2="0">
        <subfield code="a">print</subfield>
    </datafield>
    <datafield tag="597" ind1="1" ind2="0">
        <subfield code="a">Paris, Sieber</subfield>
    </datafield>
    <datafield tag="710" ind1=" " ind2=" ">
        <subfield code="a">Sieber</subfield>
        <subfield code="0">40010070</subfield>
        <subfield code="4">pbl</subfield>
    </datafield>
    <datafield tag="852" ind1="1" ind2="0">
        <subfield code="a">F-Pn</subfield>
        <subfield code="x">30001488</subfield>
    </datafield>
</record>