
<record>
    <leader>00000ccm a2200000   4500</leader>
    <controlfield tag="001">00000991027491</controlfield>
    <controlfield tag="005">20141009084239.0</controlfield>
    <datafield tag="028" ind1="2" ind2="0">
        <subfield code="a">24</subfield>
    </datafield>
    <datafield tag="035" ind1=" " ind2=" ">
        <subfield code="a">MM 5614a</subfield>
    </datafield>
    <datafield tag="100" ind1="1" ind2=" ">
        <subfield code="a">Mozart, Wolfgang Amadeus</subfield>
        <subfield code="d">1756-1791</subfield>
        <subfield code="0">115324</subfield>
    </datafield>
    <datafield tag="240" ind1="1" ind2="0">
        <subfield code="a">Symphonies</subfield>
        <subfield code="m">pf</subfield>
        <subfield code="0">40000023</subfield>
    </datafield>
    <datafield tag="246" ind1="1" ind2="0">
        <subfield code="a">[previous entry:] Sonata brillante [Es] a quattro mani per il forte piano, da W. A. Mozart, aggiustata d'una sinfonia, dal Sig. A. E. Müller</subfield>
    </datafield>
    <datafield tag="300" ind1="1" ind2="0">
        <subfield code="a">KLA</subfield>
    </datafield>
    <datafield tag="490" ind1="1" ind2="0">
        <subfield code="a">A/I</subfield>
    </datafield>
    <datafield tag="593" ind1="1" ind2="0">
        <subfield code="a">print</subfield>
    </datafield>
    <datafield tag="597" ind1="1" ind2="0">
        <subfield code="a">Lipsia, presso C. F. Peters. Bureau de Musique</subfield>
    </datafield>
    <datafield tag="710" ind1=" " ind2=" ">
        <subfield code="a">Peters, Carl Friedrich (Bureau de Musique)</subfield>
        <subfield code="0">40091386</subfield>
        <subfield code="4">pbl</subfield>
    </datafield>
    <datafield tag="775" ind1=" " ind2=" ">
        <subfield code="w">00000990044151</subfield>
    </datafield>
    <datafield tag="852" ind1="1" ind2="0">
        <subfield code="a">D-Dl</subfield>
        <subfield code="q">2 Ex.</subfield>
        <subfield code="x">30000042</subfield>
    </datafield>
    <datafield tag="852" ind1="1" ind2="0">
        <subfield code="a">D-LEm</subfield>
        <subfield code="q">3 Ex.</subfield>
        <subfield code="x">30000053</subfield>
    </datafield>
    <datafield tag="852" ind1="1" ind2="0">
        <subfield code="a">D-KWbeer</subfield>
        <subfield code="x">30076859</subfield>
    </datafield>
    <datafield tag="852" ind1="1" ind2="0">
        <subfield code="a">DK-Km</subfield>
        <subfield code="x">30001346</subfield>
    </datafield>
    <datafield tag="852" ind1="1" ind2="0">
        <subfield code="a">RUS-Mrg</subfield>
        <subfield code="x">30002528</subfield>
    </datafield>
</record>