
<record>
    <leader>00000ccm a2200000   4500</leader>
    <controlfield tag="001">00000991027486</controlfield>
    <controlfield tag="005">20140922132525.0</controlfield>
    <datafield tag="028" ind1="2" ind2="0">
        <subfield code="a">731; (732); (733); (734); (735)</subfield>
    </datafield>
    <datafield tag="035" ind1=" " ind2=" ">
        <subfield code="a">MM 5611a</subfield>
    </datafield>
    <datafield tag="100" ind1="1" ind2=" ">
        <subfield code="a">Mozart, Wolfgang Amadeus</subfield>
        <subfield code="d">1756-1791</subfield>
        <subfield code="0">115324</subfield>
    </datafield>
    <datafield tag="240" ind1="1" ind2="0">
        <subfield code="a">Symphonies</subfield>
        <subfield code="m">vl, vlc, fl, pf</subfield>
        <subfield code="0">40000023</subfield>
    </datafield>
    <datafield tag="245" ind1="1" ind2="0">
        <subfield code="a">... newly adapted for the pianoforte with accompaniments for a flute, violin and violoncello by Muzio Clementi</subfield>
    </datafield>
    <datafield tag="246" ind1="1" ind2="0">
        <subfield code="a">[previous entry:] Six grandes symphonies de W. A. Mozart, arrangées pour le piano forte, avec accompagnement de flûte, violon &amp; violoncelle, par J. N. Hummel. N|o I [D]</subfield>
    </datafield>
    <datafield tag="490" ind1="1" ind2="0">
        <subfield code="a">A/I</subfield>
    </datafield>
    <datafield tag="593" ind1="1" ind2="0">
        <subfield code="a">print</subfield>
    </datafield>
    <datafield tag="597" ind1="1" ind2="0">
        <subfield code="a">London, Clementi &amp; Co.; R. Cocks &amp; Co.</subfield>
    </datafield>
    <datafield tag="710" ind1=" " ind2=" ">
        <subfield code="a">Clementi</subfield>
        <subfield code="0">40011614</subfield>
        <subfield code="4">pbl</subfield>
    </datafield>
    <datafield tag="710" ind1=" " ind2=" ">
        <subfield code="a">Cocks, Robert</subfield>
        <subfield code="0">40002456</subfield>
        <subfield code="4">pbl</subfield>
    </datafield>
    <datafield tag="775" ind1=" " ind2=" ">
        <subfield code="w">00000990044142</subfield>
    </datafield>
    <datafield tag="852" ind1="1" ind2="0">
        <subfield code="a">US-BEm</subfield>
        <subfield code="x">30002210</subfield>
    </datafield>
    <datafield tag="852" ind1="1" ind2="0">
        <subfield code="a">US-NYcu</subfield>
        <subfield code="x">30000326</subfield>
    </datafield>
</record>