
<record>
    <leader>00000ccm a2200000   4500</leader>
    <controlfield tag="001">00000991027487</controlfield>
    <controlfield tag="005">20140922132527.0</controlfield>
    <datafield tag="028" ind1="2" ind2="0">
        <subfield code="a">3147; (3148); (3149); (3150); (3151); (3152)</subfield>
    </datafield>
    <datafield tag="035" ind1=" " ind2=" ">
        <subfield code="a">MM 5611b</subfield>
    </datafield>
    <datafield tag="100" ind1="1" ind2=" ">
        <subfield code="a">Mozart, Wolfgang Amadeus</subfield>
        <subfield code="d">1756-1791</subfield>
        <subfield code="0">115324</subfield>
    </datafield>
    <datafield tag="240" ind1="1" ind2="0">
        <subfield code="a">Symphonies</subfield>
        <subfield code="m">pf 4hands</subfield>
        <subfield code="0">40000023</subfield>
    </datafield>
    <datafield tag="245" ind1="1" ind2="0">
        <subfield code="a">... newly arranged for two performers on one piano forte by Charles Czerny</subfield>
    </datafield>
    <datafield tag="246" ind1="1" ind2="0">
        <subfield code="a">[previous entry:] Six grandes symphonies de W. A. Mozart, arrangées pour le piano forte, avec accompagnement de flûte, violon &amp; violoncelle, par J. N. Hummel. N|o I [D]</subfield>
    </datafield>
    <datafield tag="490" ind1="1" ind2="0">
        <subfield code="a">A/I</subfield>
    </datafield>
    <datafield tag="593" ind1="1" ind2="0">
        <subfield code="a">print</subfield>
    </datafield>
    <datafield tag="597" ind1="1" ind2="0">
        <subfield code="a">London, Cocks &amp; Co.</subfield>
    </datafield>
    <datafield tag="710" ind1=" " ind2=" ">
        <subfield code="a">Cocks, Robert</subfield>
        <subfield code="0">40002456</subfield>
        <subfield code="4">pbl</subfield>
    </datafield>
    <datafield tag="775" ind1=" " ind2=" ">
        <subfield code="w">00000990044142</subfield>
    </datafield>
    <datafield tag="852" ind1="1" ind2="0">
        <subfield code="a">US-NYcu</subfield>
        <subfield code="x">30000326</subfield>
    </datafield>
</record>