
<record>
    <leader>00000ccm a2200000   4500</leader>
    <controlfield tag="001">00000991027480</controlfield>
    <controlfield tag="005">20140922132524.0</controlfield>
    <datafield tag="028" ind1="2" ind2="0">
        <subfield code="a">M. 2</subfield>
    </datafield>
    <datafield tag="035" ind1=" " ind2=" ">
        <subfield code="a">MM 5606a</subfield>
    </datafield>
    <datafield tag="100" ind1="1" ind2=" ">
        <subfield code="a">Mozart, Wolfgang Amadeus</subfield>
        <subfield code="d">1756-1791</subfield>
        <subfield code="0">115324</subfield>
    </datafield>
    <datafield tag="240" ind1="1" ind2="0">
        <subfield code="a">Symphonies</subfield>
        <subfield code="m">2 vl, 2 a-vla, vlc, b, fl</subfield>
        <subfield code="r">D</subfield>
        <subfield code="0">40000023</subfield>
    </datafield>
    <datafield tag="245" ind1="1" ind2="0">
        <subfield code="a">Six grandes simphonies, ... arrangées pour 2 violons, 2 altos, basse, contrebasse et flûte ou 2 violons, 2 altos, 2 basses et flûte (la flûte toujours obligato ou ad-libitum) par J. B. Cimador. No. II [D]</subfield>
    </datafield>
    <datafield tag="246" ind1="1" ind2="0">
        <subfield code="a">[previous entry:] Six grandes symphonies de W. A. Mozart, arrangées pour le piano forte, avec accompagnement de flûte, violon &amp; violoncelle, par J. N. Hummel. N|o I [D]</subfield>
    </datafield>
    <datafield tag="300" ind1="1" ind2="0">
        <subfield code="a">St</subfield>
    </datafield>
    <datafield tag="490" ind1="1" ind2="0">
        <subfield code="a">A/I</subfield>
    </datafield>
    <datafield tag="593" ind1="1" ind2="0">
        <subfield code="a">print</subfield>
    </datafield>
    <datafield tag="597" ind1="1" ind2="0">
        <subfield code="a">Hamburg, J. A. Böhme</subfield>
    </datafield>
    <datafield tag="710" ind1=" " ind2=" ">
        <subfield code="a">Böhme, Johann August</subfield>
        <subfield code="0">40001236</subfield>
        <subfield code="4">pbl</subfield>
    </datafield>
    <datafield tag="775" ind1=" " ind2=" ">
        <subfield code="w">00000990044142</subfield>
    </datafield>
    <datafield tag="852" ind1="1" ind2="0">
        <subfield code="a">D-Mbs</subfield>
        <subfield code="q">Signatur: 4 Mus. pr. 23856-2 6 St.: vl 1, 2, vla 1, 2, vlc, cb</subfield>
        <subfield code="x">30000882</subfield>
    </datafield>
    <datafield tag="852" ind1="1" ind2="0">
        <subfield code="a">RUS-Mrg</subfield>
        <subfield code="q">fl, vl I, vl II, vla I, vlc</subfield>
        <subfield code="x">30002528</subfield>
    </datafield>
</record>