
<record>
    <leader>00000ccm a2200000   4500</leader>
    <controlfield tag="001">00000991027483</controlfield>
    <controlfield tag="005">20141009084239.0</controlfield>
    <datafield tag="028" ind1="2" ind2="0">
        <subfield code="a">876 R</subfield>
    </datafield>
    <datafield tag="035" ind1=" " ind2=" ">
        <subfield code="a">MM 5608a</subfield>
    </datafield>
    <datafield tag="100" ind1="1" ind2=" ">
        <subfield code="a">Mozart, Wolfgang Amadeus</subfield>
        <subfield code="d">1756-1791</subfield>
        <subfield code="0">115324</subfield>
    </datafield>
    <datafield tag="240" ind1="1" ind2="0">
        <subfield code="a">Symphonies</subfield>
        <subfield code="0">40000023</subfield>
    </datafield>
    <datafield tag="246" ind1="1" ind2="0">
        <subfield code="a">[previous entry:] Six grandes symphonies de W. A. Mozart, arrangées pour le piano forte, avec accompagnement de flûte, violon &amp; violoncelle, par J. N. Hummel. N|o I [D]</subfield>
    </datafield>
    <datafield tag="300" ind1="1" ind2="0">
        <subfield code="a">St</subfield>
    </datafield>
    <datafield tag="490" ind1="1" ind2="0">
        <subfield code="a">A/I</subfield>
    </datafield>
    <datafield tag="593" ind1="1" ind2="0">
        <subfield code="a">print</subfield>
    </datafield>
    <datafield tag="597" ind1="1" ind2="0">
        <subfield code="a">[Paris], [Richault]</subfield>
    </datafield>
    <datafield tag="710" ind1=" " ind2=" ">
        <subfield code="a">Richault</subfield>
        <subfield code="0">40009024</subfield>
        <subfield code="4">pbl</subfield>
    </datafield>
    <datafield tag="775" ind1=" " ind2=" ">
        <subfield code="w">00000990044142</subfield>
    </datafield>
    <datafield tag="852" ind1="1" ind2="0">
        <subfield code="a">CH-Bchristen</subfield>
        <subfield code="q">vl [fehlt Titelblatt]</subfield>
        <subfield code="x">30000495</subfield>
    </datafield>
</record>