
<record>
    <leader>00000ccm a2200000   4500</leader>
    <controlfield tag="001">00000991027400</controlfield>
    <controlfield tag="005">20140922132515.0</controlfield>
    <datafield tag="028" ind1="2" ind2="0">
        <subfield code="a">125</subfield>
    </datafield>
    <datafield tag="035" ind1=" " ind2=" ">
        <subfield code="a">MM 5496a</subfield>
    </datafield>
    <datafield tag="100" ind1="1" ind2=" ">
        <subfield code="a">Mozart, Wolfgang Amadeus</subfield>
        <subfield code="d">1756-1791</subfield>
        <subfield code="0">115324</subfield>
    </datafield>
    <datafield tag="240" ind1="1" ind2="0">
        <subfield code="a">Terzets (voc.)</subfield>
        <subfield code="m">3 V, pf, guit</subfield>
        <subfield code="0">40000037</subfield>
    </datafield>
    <datafield tag="245" ind1="1" ind2="0">
        <subfield code="a">Serenade. Liebes Mädchen hör mir zu, für drei Singstimmen mit Begleitung des Pianoforte und Guitarre</subfield>
    </datafield>
    <datafield tag="246" ind1="1" ind2="0">
        <subfield code="a">[previous entry:] Terzett. Libes Mädchen hör mir zu, &amp;c., für 3 Singstimmen, mit Begleitung einer Guitarre, von Mozart, N|o 2</subfield>
    </datafield>
    <datafield tag="300" ind1="1" ind2="0">
        <subfield code="a">P</subfield>
    </datafield>
    <datafield tag="490" ind1="1" ind2="0">
        <subfield code="a">A/I</subfield>
    </datafield>
    <datafield tag="593" ind1="1" ind2="0">
        <subfield code="a">print</subfield>
    </datafield>
    <datafield tag="597" ind1="1" ind2="0">
        <subfield code="a">Hannover, C. A. Kruschwitz</subfield>
    </datafield>
    <datafield tag="710" ind1=" " ind2=" ">
        <subfield code="a">Kruschwitz, Carl August</subfield>
        <subfield code="0">40005890</subfield>
        <subfield code="4">pbl</subfield>
    </datafield>
    <datafield tag="775" ind1=" " ind2=" ">
        <subfield code="w">00000990044035</subfield>
    </datafield>
    <datafield tag="852" ind1="1" ind2="0">
        <subfield code="a">D-Dl</subfield>
        <subfield code="x">30000042</subfield>
    </datafield>
</record>