
<record>
    <leader>00000ccm a2200000   4500</leader>
    <controlfield tag="001">00000991027398</controlfield>
    <controlfield tag="005">20140922132514.0</controlfield>
    <datafield tag="028" ind1="2" ind2="0">
        <subfield code="a">1859</subfield>
    </datafield>
    <datafield tag="035" ind1=" " ind2=" ">
        <subfield code="a">MM 5493a</subfield>
    </datafield>
    <datafield tag="100" ind1="1" ind2=" ">
        <subfield code="a">Mozart, Wolfgang Amadeus</subfield>
        <subfield code="d">1756-1791</subfield>
        <subfield code="0">115324</subfield>
    </datafield>
    <datafield tag="240" ind1="1" ind2="0">
        <subfield code="a">Terzets (voc.)</subfield>
        <subfield code="m">3 V</subfield>
        <subfield code="0">40000037</subfield>
    </datafield>
    <datafield tag="245" ind1="1" ind2="0">
        <subfield code="a">Comisches Terzett, 2 hohe Stimmen und Bass Solo</subfield>
    </datafield>
    <datafield tag="246" ind1="1" ind2="0">
        <subfield code="a">[previous entry:] Beym Arsch ists finster</subfield>
    </datafield>
    <datafield tag="490" ind1="1" ind2="0">
        <subfield code="a">A/I</subfield>
    </datafield>
    <datafield tag="593" ind1="1" ind2="0">
        <subfield code="a">print</subfield>
    </datafield>
    <datafield tag="597" ind1="1" ind2="0">
        <subfield code="a">Augsburg, Anton Böhm</subfield>
    </datafield>
    <datafield tag="710" ind1=" " ind2=" ">
        <subfield code="a">Böhm, Anton</subfield>
        <subfield code="0">40001223</subfield>
        <subfield code="4">pbl</subfield>
    </datafield>
    <datafield tag="775" ind1=" " ind2=" ">
        <subfield code="w">00000990044033</subfield>
    </datafield>
    <datafield tag="852" ind1="1" ind2="0">
        <subfield code="a">D-DWc</subfield>
        <subfield code="x">30003661</subfield>
    </datafield>
</record>