
<record>
    <leader>00000ccm a2200000   4500</leader>
    <controlfield tag="001">00000991027376</controlfield>
    <controlfield tag="005">20140922132511.0</controlfield>
    <datafield tag="028" ind1="2" ind2="0">
        <subfield code="a">539; (522)</subfield>
    </datafield>
    <datafield tag="035" ind1=" " ind2=" ">
        <subfield code="a">MM 5433a</subfield>
    </datafield>
    <datafield tag="100" ind1="1" ind2=" ">
        <subfield code="a">Mozart, Wolfgang Amadeus</subfield>
        <subfield code="d">1756-1791</subfield>
        <subfield code="0">115324</subfield>
    </datafield>
    <datafield tag="240" ind1="1" ind2="0">
        <subfield code="a">Lieder</subfield>
        <subfield code="m">V, guit</subfield>
        <subfield code="0">40000009</subfield>
    </datafield>
    <datafield tag="245" ind1="1" ind2="0">
        <subfield code="a">... mit Begleitung der Guitarre</subfield>
    </datafield>
    <datafield tag="246" ind1="1" ind2="0">
        <subfield code="a">[previous entry:] Vergiß mein nicht, am Klavier, in Musik gesezt, von W. A. Mozard [Laurenz Schneider]</subfield>
    </datafield>
    <datafield tag="490" ind1="1" ind2="0">
        <subfield code="a">A/I</subfield>
    </datafield>
    <datafield tag="593" ind1="1" ind2="0">
        <subfield code="a">print</subfield>
    </datafield>
    <datafield tag="597" ind1="1" ind2="0">
        <subfield code="a">Braunschweig, Musikalisches Magazin auf der Höhe</subfield>
    </datafield>
    <datafield tag="700" ind1="1" ind2=" ">
        <subfield code="a">Schneider, Georg Laurenz</subfield>
        <subfield code="d">1766-1855</subfield>
        <subfield code="0">83151</subfield>
        <subfield code="4">cmp</subfield>
    </datafield>
    <datafield tag="710" ind1=" " ind2=" ">
        <subfield code="a">Musikalisches Magazin auf der Höhe</subfield>
        <subfield code="0">40007815</subfield>
        <subfield code="4">pbl</subfield>
    </datafield>
    <datafield tag="775" ind1=" " ind2=" ">
        <subfield code="w">00000990043970</subfield>
    </datafield>
    <datafield tag="852" ind1="1" ind2="0">
        <subfield code="a">HR-Zha</subfield>
        <subfield code="x">30000160</subfield>
    </datafield>
</record>