
<record>
    <leader>00000ccm a2200000   4500</leader>
    <controlfield tag="001">00000991027345</controlfield>
    <controlfield tag="005">20140122084617.0</controlfield>
    <datafield tag="035" ind1=" " ind2=" ">
        <subfield code="a">MM 5352a</subfield>
    </datafield>
    <datafield tag="100" ind1="1" ind2=" ">
        <subfield code="a">Mozart, Wolfgang Amadeus</subfield>
        <subfield code="d">1756-1791</subfield>
        <subfield code="0">115324</subfield>
    </datafield>
    <datafield tag="240" ind1="1" ind2="0">
        <subfield code="a">Lieder</subfield>
        <subfield code="m">V, pf</subfield>
        <subfield code="n">KV. 367a</subfield>
        <subfield code="0">40000009</subfield>
    </datafield>
    <datafield tag="245" ind1="1" ind2="0">
        <subfield code="a">Mozart's celebrated English canzonetts with a piano-forte accompaniment. No. 5. The wreath (Ye shepherds tell me have ye seen)</subfield>
    </datafield>
    <datafield tag="490" ind1="1" ind2="0">
        <subfield code="a">A/I</subfield>
    </datafield>
    <datafield tag="593" ind1="1" ind2="0">
        <subfield code="a">print</subfield>
    </datafield>
    <datafield tag="597" ind1="1" ind2="0">
        <subfield code="a">London, Monzani &amp; Cimador</subfield>
    </datafield>
    <datafield tag="710" ind1=" " ind2=" ">
        <subfield code="a">Monzani &amp; Cimador</subfield>
        <subfield code="0">40007647</subfield>
        <subfield code="4">pbl</subfield>
    </datafield>
    <datafield tag="852" ind1="1" ind2="0">
        <subfield code="a">D-Mbs</subfield>
        <subfield code="x">30000882</subfield>
    </datafield>
</record>