
<record>
    <leader>00000ccm a2200000   4500</leader>
    <controlfield tag="001">00000991027346</controlfield>
    <controlfield tag="005">20140122084617.0</controlfield>
    <datafield tag="035" ind1=" " ind2=" ">
        <subfield code="a">MM 5355a</subfield>
    </datafield>
    <datafield tag="100" ind1="1" ind2=" ">
        <subfield code="a">Mozart, Wolfgang Amadeus</subfield>
        <subfield code="d">1756-1791</subfield>
        <subfield code="0">115324</subfield>
    </datafield>
    <datafield tag="240" ind1="1" ind2="0">
        <subfield code="a">Lieder</subfield>
        <subfield code="n">KV. 468</subfield>
        <subfield code="0">40000009</subfield>
    </datafield>
    <datafield tag="245" ind1="1" ind2="0">
        <subfield code="a">Henry's fate (Sad and plaintive was the ditty). Canzonett. No. 7</subfield>
    </datafield>
    <datafield tag="490" ind1="1" ind2="0">
        <subfield code="a">A/I</subfield>
    </datafield>
    <datafield tag="593" ind1="1" ind2="0">
        <subfield code="a">print</subfield>
    </datafield>
    <datafield tag="597" ind1="1" ind2="0">
        <subfield code="a">New York, J. &amp; M. Paff</subfield>
    </datafield>
    <datafield tag="710" ind1=" " ind2=" ">
        <subfield code="a">Paff, John &amp; Michael Paff</subfield>
        <subfield code="0">40008175</subfield>
        <subfield code="4">pbl</subfield>
    </datafield>
    <datafield tag="852" ind1="1" ind2="0">
        <subfield code="a">US-Cn</subfield>
        <subfield code="x">30000320</subfield>
    </datafield>
    <datafield tag="852" ind1="1" ind2="0">
        <subfield code="a">US-NYp</subfield>
        <subfield code="x">30000321</subfield>
    </datafield>
    <datafield tag="852" ind1="1" ind2="0">
        <subfield code="a">US-PHf</subfield>
        <subfield code="x">30002414</subfield>
    </datafield>
    <datafield tag="852" ind1="1" ind2="0">
        <subfield code="a">US-PIlevy</subfield>
        <subfield code="x">30002436</subfield>
    </datafield>
</record>