
<record>
    <leader>00000ccm a2200000   4500</leader>
    <controlfield tag="001">00000991027308</controlfield>
    <controlfield tag="005">20140122084617.0</controlfield>
    <datafield tag="035" ind1=" " ind2=" ">
        <subfield code="a">MM 5291a</subfield>
    </datafield>
    <datafield tag="100" ind1="1" ind2=" ">
        <subfield code="a">Mozart, Wolfgang Amadeus</subfield>
        <subfield code="d">1756-1791</subfield>
        <subfield code="0">115324</subfield>
    </datafield>
    <datafield tag="240" ind1="1" ind2="0">
        <subfield code="a">Terzets (voc.)</subfield>
        <subfield code="m">3 V, clav</subfield>
        <subfield code="0">40000037</subfield>
    </datafield>
    <datafield tag="245" ind1="1" ind2="0">
        <subfield code="a">Terzetto di Mozart. Mandina amabile. Musikalische Arabesken, Lieblingsstücke aus den neuesten Opern für Clavier und Gesang</subfield>
    </datafield>
    <datafield tag="260" ind1=" " ind2=" ">
        <subfield code="c">(1804)</subfield>
    </datafield>
    <datafield tag="300" ind1="1" ind2="0">
        <subfield code="a">KLA</subfield>
    </datafield>
    <datafield tag="490" ind1="1" ind2="0">
        <subfield code="a">A/I</subfield>
    </datafield>
    <datafield tag="593" ind1="1" ind2="0">
        <subfield code="a">print</subfield>
    </datafield>
    <datafield tag="597" ind1="1" ind2="0">
        <subfield code="a">Dresden, Arnold'sche Buch- und Kunsthandlung</subfield>
    </datafield>
    <datafield tag="710" ind1=" " ind2=" ">
        <subfield code="a">Arnold</subfield>
        <subfield code="0">40000417</subfield>
        <subfield code="4">pbl</subfield>
    </datafield>
    <datafield tag="852" ind1="1" ind2="0">
        <subfield code="a">CZ-K</subfield>
        <subfield code="x">30000183</subfield>
    </datafield>
</record>