
<record>
    <leader>00000ccm a2200000   4500</leader>
    <controlfield tag="001">00000991027249</controlfield>
    <controlfield tag="005">20140122084617.0</controlfield>
    <datafield tag="028" ind1="2" ind2="0">
        <subfield code="a">2683</subfield>
    </datafield>
    <datafield tag="035" ind1=" " ind2=" ">
        <subfield code="a">MM 5197a</subfield>
    </datafield>
    <datafield tag="100" ind1="1" ind2=" ">
        <subfield code="a">Mozart, Wolfgang Amadeus</subfield>
        <subfield code="d">1756-1791</subfield>
        <subfield code="0">115324</subfield>
    </datafield>
    <datafield tag="240" ind1="1" ind2="0">
        <subfield code="a">Operas</subfield>
        <subfield code="m">2 fl</subfield>
        <subfield code="0">40000025</subfield>
    </datafield>
    <datafield tag="245" ind1="1" ind2="0">
        <subfield code="a">Titus ... eingerichtet für zwey Flöten von W. Klingenbrunner</subfield>
    </datafield>
    <datafield tag="300" ind1="1" ind2="0">
        <subfield code="a">St</subfield>
    </datafield>
    <datafield tag="490" ind1="1" ind2="0">
        <subfield code="a">A/I</subfield>
    </datafield>
    <datafield tag="593" ind1="1" ind2="0">
        <subfield code="a">print</subfield>
    </datafield>
    <datafield tag="597" ind1="1" ind2="0">
        <subfield code="a">Wien, S. A. Steiner &amp; Co.</subfield>
    </datafield>
    <datafield tag="710" ind1=" " ind2=" ">
        <subfield code="a">Steiner, Sigmund Anton</subfield>
        <subfield code="0">40010404</subfield>
        <subfield code="4">pbl</subfield>
    </datafield>
    <datafield tag="852" ind1="1" ind2="0">
        <subfield code="a">A-M</subfield>
        <subfield code="x">30000359</subfield>
    </datafield>
    <datafield tag="852" ind1="1" ind2="0">
        <subfield code="a">SK-BRnm</subfield>
        <subfield code="q">fl I</subfield>
        <subfield code="x">30000017</subfield>
    </datafield>
</record>