
<record>
    <leader>00000ccm a2200000   4500</leader>
    <controlfield tag="001">00000991027201</controlfield>
    <controlfield tag="005">20140122084616.0</controlfield>
    <datafield tag="028" ind1="2" ind2="0">
        <subfield code="a">130</subfield>
    </datafield>
    <datafield tag="035" ind1=" " ind2=" ">
        <subfield code="a">MM 5116a</subfield>
    </datafield>
    <datafield tag="100" ind1="1" ind2=" ">
        <subfield code="a">Mozart, Wolfgang Amadeus</subfield>
        <subfield code="d">1756-1791</subfield>
        <subfield code="0">115324</subfield>
    </datafield>
    <datafield tag="240" ind1="1" ind2="0">
        <subfield code="a">Operas</subfield>
        <subfield code="m">X V, clav</subfield>
        <subfield code="0">40000025</subfield>
    </datafield>
    <datafield tag="245" ind1="1" ind2="0">
        <subfield code="a">Titus. Oper in zwei Aufzügen von W. A. Mozart. Clavier-Auszug mit ital. u. deutsch. Texte</subfield>
    </datafield>
    <datafield tag="300" ind1="1" ind2="0">
        <subfield code="a">KLA</subfield>
    </datafield>
    <datafield tag="490" ind1="1" ind2="0">
        <subfield code="a">A/I</subfield>
    </datafield>
    <datafield tag="500" ind1="1" ind2="0">
        <subfield code="a">Verschiedene Ausgaben</subfield>
    </datafield>
    <datafield tag="593" ind1="1" ind2="0">
        <subfield code="a">print</subfield>
    </datafield>
    <datafield tag="597" ind1="1" ind2="0">
        <subfield code="a">Braunschweig, G. M. Meyer jr.</subfield>
    </datafield>
    <datafield tag="710" ind1=" " ind2=" ">
        <subfield code="a">Meyer, Gottfried Martin</subfield>
        <subfield code="0">40007429</subfield>
        <subfield code="4">pbl</subfield>
    </datafield>
    <datafield tag="852" ind1="1" ind2="0">
        <subfield code="a">D-Dl</subfield>
        <subfield code="x">30000042</subfield>
    </datafield>
    <datafield tag="852" ind1="1" ind2="0">
        <subfield code="a">D-LEm</subfield>
        <subfield code="x">30000053</subfield>
    </datafield>
    <datafield tag="852" ind1="1" ind2="0">
        <subfield code="a">D-Mbs</subfield>
        <subfield code="x">30000882</subfield>
    </datafield>
    <datafield tag="852" ind1="1" ind2="0">
        <subfield code="a">DK-Km</subfield>
        <subfield code="x">30001346</subfield>
    </datafield>
</record>