
<record>
    <leader>00000ccm a2200000   4500</leader>
    <controlfield tag="001">00000991027134</controlfield>
    <controlfield tag="005">20140122084615.0</controlfield>
    <datafield tag="028" ind1="2" ind2="0">
        <subfield code="a">1738</subfield>
    </datafield>
    <datafield tag="035" ind1=" " ind2=" ">
        <subfield code="a">MM 5020a</subfield>
    </datafield>
    <datafield tag="100" ind1="1" ind2=" ">
        <subfield code="a">Mozart, Wolfgang Amadeus</subfield>
        <subfield code="d">1756-1791</subfield>
        <subfield code="0">115324</subfield>
    </datafield>
    <datafield tag="240" ind1="1" ind2="0">
        <subfield code="a">Singspiele</subfield>
        <subfield code="m">pf 4hands</subfield>
        <subfield code="0">40000008</subfield>
    </datafield>
    <datafield tag="245" ind1="1" ind2="0">
        <subfield code="a">La flûte magique. Opéra en deux actes, composé par W. A. Mozart, arrangé à quatre mains pour le pianoforte par C. F. Ebers</subfield>
    </datafield>
    <datafield tag="490" ind1="1" ind2="0">
        <subfield code="a">A/I</subfield>
    </datafield>
    <datafield tag="593" ind1="1" ind2="0">
        <subfield code="a">print</subfield>
    </datafield>
    <datafield tag="597" ind1="1" ind2="0">
        <subfield code="a">Leipzig, Fr. Hofmeister</subfield>
    </datafield>
    <datafield tag="710" ind1=" " ind2=" ">
        <subfield code="a">Hofmeister, Friedrich</subfield>
        <subfield code="0">40005090</subfield>
        <subfield code="4">pbl</subfield>
    </datafield>
    <datafield tag="852" ind1="1" ind2="0">
        <subfield code="a">D-HAu</subfield>
        <subfield code="x">30000047</subfield>
    </datafield>
</record>