
<record>
    <leader>00000ccm a2200000   4500</leader>
    <controlfield tag="001">00000991027061</controlfield>
    <controlfield tag="005">20140122084614.0</controlfield>
    <datafield tag="028" ind1="2" ind2="0">
        <subfield code="a">111</subfield>
    </datafield>
    <datafield tag="035" ind1=" " ind2=" ">
        <subfield code="a">MM 4893d</subfield>
    </datafield>
    <datafield tag="100" ind1="1" ind2=" ">
        <subfield code="a">Mozart, Wolfgang Amadeus</subfield>
        <subfield code="d">1756-1791</subfield>
        <subfield code="0">115324</subfield>
    </datafield>
    <datafield tag="240" ind1="1" ind2="0">
        <subfield code="a">Singspiele</subfield>
        <subfield code="m">2 V, clav</subfield>
        <subfield code="n">KV. 620/21</subfield>
        <subfield code="0">40000008</subfield>
    </datafield>
    <datafield tag="245" ind1="1" ind2="0">
        <subfield code="a">Duetto. Tamino mein, o welch ein Glück. Beim Clavier aus der Oper Die Zauberflöte</subfield>
    </datafield>
    <datafield tag="300" ind1="1" ind2="0">
        <subfield code="a">KLA</subfield>
    </datafield>
    <datafield tag="490" ind1="1" ind2="0">
        <subfield code="a">A/I</subfield>
    </datafield>
    <datafield tag="593" ind1="1" ind2="0">
        <subfield code="a">print</subfield>
    </datafield>
    <datafield tag="597" ind1="1" ind2="0">
        <subfield code="a">Wien, Musikalisches Magazin</subfield>
    </datafield>
    <datafield tag="710" ind1=" " ind2=" ">
        <subfield code="a">Koželuh, Leopold</subfield>
        <subfield code="0">40005842</subfield>
        <subfield code="4">pbl</subfield>
    </datafield>
    <datafield tag="852" ind1="1" ind2="0">
        <subfield code="a">H-SYm</subfield>
        <subfield code="x">30001720</subfield>
    </datafield>
</record>