
<record>
    <leader>00000ccm a2200000   4500</leader>
    <controlfield tag="001">00000991026951</controlfield>
    <controlfield tag="005">20141009084235.0</controlfield>
    <datafield tag="028" ind1="2" ind2="0">
        <subfield code="a">615</subfield>
    </datafield>
    <datafield tag="035" ind1=" " ind2=" ">
        <subfield code="a">MM 4760a</subfield>
    </datafield>
    <datafield tag="100" ind1="1" ind2=" ">
        <subfield code="a">Mozart, Wolfgang Amadeus</subfield>
        <subfield code="d">1756-1791</subfield>
        <subfield code="0">115324</subfield>
    </datafield>
    <datafield tag="240" ind1="1" ind2="0">
        <subfield code="a">Operas</subfield>
        <subfield code="0">40000025</subfield>
    </datafield>
    <datafield tag="246" ind1="1" ind2="0">
        <subfield code="a">[previous entry:] Ouverture de l'opéra Così fan tutte, arrangée pour le piano-forte à 4 mains. Musique de W:A:Mozart</subfield>
    </datafield>
    <datafield tag="300" ind1="1" ind2="0">
        <subfield code="a">KLA</subfield>
    </datafield>
    <datafield tag="490" ind1="1" ind2="0">
        <subfield code="a">A/I</subfield>
    </datafield>
    <datafield tag="593" ind1="1" ind2="0">
        <subfield code="a">print</subfield>
    </datafield>
    <datafield tag="597" ind1="1" ind2="0">
        <subfield code="a">Leipzig, A. Kühnel</subfield>
    </datafield>
    <datafield tag="710" ind1=" " ind2=" ">
        <subfield code="a">Kühnel, Ambrosius (Bureau de Musique)</subfield>
        <subfield code="0">40012320</subfield>
        <subfield code="4">pbl</subfield>
    </datafield>
    <datafield tag="775" ind1=" " ind2=" ">
        <subfield code="w">00000990043318</subfield>
    </datafield>
    <datafield tag="852" ind1="1" ind2="0">
        <subfield code="a">D-Mbs</subfield>
        <subfield code="x">30000882</subfield>
    </datafield>
    <datafield tag="852" ind1="1" ind2="0">
        <subfield code="a">D-KWbeer</subfield>
        <subfield code="q">dipl. Titel: OUVERTURE de l'Opera [handschriftlich] Cosi fan tutte arrangée à mains pour le Pianoforte par W. R. Riem</subfield>
        <subfield code="x">30076859</subfield>
    </datafield>
</record>