
<record>
    <leader>00000ccm a2200000   4500</leader>
    <controlfield tag="001">00000991026918</controlfield>
    <controlfield tag="005">20140122084613.0</controlfield>
    <datafield tag="035" ind1=" " ind2=" ">
        <subfield code="a">MM 4715a</subfield>
    </datafield>
    <datafield tag="100" ind1="1" ind2=" ">
        <subfield code="a">Mozart, Wolfgang Amadeus</subfield>
        <subfield code="d">1756-1791</subfield>
        <subfield code="0">115324</subfield>
    </datafield>
    <datafield tag="240" ind1="1" ind2="0">
        <subfield code="a">Operas</subfield>
        <subfield code="m">pf</subfield>
        <subfield code="0">40000025</subfield>
    </datafield>
    <datafield tag="245" ind1="1" ind2="0">
        <subfield code="a">Ouverture de l'opéra Cosi fan tutte pour le piano-forte</subfield>
    </datafield>
    <datafield tag="490" ind1="1" ind2="0">
        <subfield code="a">A/I</subfield>
    </datafield>
    <datafield tag="593" ind1="1" ind2="0">
        <subfield code="a">print</subfield>
    </datafield>
    <datafield tag="597" ind1="1" ind2="0">
        <subfield code="a">St. Petersburg, Paez; Moskva, Lehnhold</subfield>
    </datafield>
    <datafield tag="710" ind1=" " ind2=" ">
        <subfield code="a">Paez</subfield>
        <subfield code="0">40011899</subfield>
        <subfield code="4">pbl</subfield>
    </datafield>
    <datafield tag="710" ind1=" " ind2=" ">
        <subfield code="a">Lehnhold</subfield>
        <subfield code="0">40020043</subfield>
        <subfield code="4">pbl</subfield>
    </datafield>
    <datafield tag="852" ind1="1" ind2="0">
        <subfield code="a">RUS-Mcm</subfield>
        <subfield code="x">30002526</subfield>
    </datafield>
</record>