
<record>
    <leader>00000ccm a2200000   4500</leader>
    <controlfield tag="001">00000991026882</controlfield>
    <controlfield tag="005">20140922132427.0</controlfield>
    <datafield tag="035" ind1=" " ind2=" ">
        <subfield code="a">MM 4660a</subfield>
    </datafield>
    <datafield tag="100" ind1="1" ind2=" ">
        <subfield code="a">Mozart, Wolfgang Amadeus</subfield>
        <subfield code="d">1756-1791</subfield>
        <subfield code="0">115324</subfield>
    </datafield>
    <datafield tag="240" ind1="1" ind2="0">
        <subfield code="a">Operas</subfield>
        <subfield code="m">vl (fl), fl, pf</subfield>
        <subfield code="0">40000025</subfield>
    </datafield>
    <datafield tag="245" ind1="1" ind2="0">
        <subfield code="a">... arrangée pour le forte-piano avec une flûte ou violon</subfield>
    </datafield>
    <datafield tag="246" ind1="1" ind2="0">
        <subfield code="a">[previous entry:] Ouvertures pour le piano-forte des opéras Don Giovanni, Die Zauberflöte, Così fan tutte, Idomeneo Re di Creta, Die Entführung, Le nozze di Figaro, La clemenza di Tito, par W. A. Mozart</subfield>
    </datafield>
    <datafield tag="300" ind1="1" ind2="0">
        <subfield code="a">St</subfield>
    </datafield>
    <datafield tag="490" ind1="1" ind2="0">
        <subfield code="a">A/I</subfield>
    </datafield>
    <datafield tag="593" ind1="1" ind2="0">
        <subfield code="a">print</subfield>
    </datafield>
    <datafield tag="597" ind1="1" ind2="0">
        <subfield code="a">Hamburg, J. A. Böhme</subfield>
    </datafield>
    <datafield tag="710" ind1=" " ind2=" ">
        <subfield code="a">Böhme, Johann August</subfield>
        <subfield code="0">40001236</subfield>
        <subfield code="4">pbl</subfield>
    </datafield>
    <datafield tag="775" ind1=" " ind2=" ">
        <subfield code="w">00000990043211</subfield>
    </datafield>
    <datafield tag="852" ind1="1" ind2="0">
        <subfield code="a">D-Hs</subfield>
        <subfield code="q">pf</subfield>
        <subfield code="x">30000225</subfield>
    </datafield>
    <datafield tag="852" ind1="1" ind2="0">
        <subfield code="a">D-KIl</subfield>
        <subfield code="q">pf</subfield>
        <subfield code="x">30000848</subfield>
    </datafield>
</record>