
<record>
    <leader>00000ccm a2200000   4500</leader>
    <controlfield tag="001">00000991026880</controlfield>
    <controlfield tag="005">20141009084235.0</controlfield>
    <datafield tag="035" ind1=" " ind2=" ">
        <subfield code="a">MM 4659a</subfield>
    </datafield>
    <datafield tag="100" ind1="1" ind2=" ">
        <subfield code="a">Mozart, Wolfgang Amadeus</subfield>
        <subfield code="d">1756-1791</subfield>
        <subfield code="0">115324</subfield>
    </datafield>
    <datafield tag="240" ind1="1" ind2="0">
        <subfield code="a">Operas</subfield>
        <subfield code="0">40000025</subfield>
    </datafield>
    <datafield tag="246" ind1="1" ind2="0">
        <subfield code="a">[previous entry:] Ouvertures pour le piano-forte des opéras Don Giovanni, Die Zauberflöte, Così fan tutte, Idomeneo Re di Creta, Die Entführung, Le nozze di Figaro, La clemenza di Tito, par W. A. Mozart</subfield>
    </datafield>
    <datafield tag="490" ind1="1" ind2="0">
        <subfield code="a">A/I</subfield>
    </datafield>
    <datafield tag="593" ind1="1" ind2="0">
        <subfield code="a">print</subfield>
    </datafield>
    <datafield tag="597" ind1="1" ind2="0">
        <subfield code="a">München, Falter &amp; Sohn; Mainz, Paris, B. Schott's Söhne; Antwerpen, A. Schott</subfield>
    </datafield>
    <datafield tag="710" ind1=" " ind2=" ">
        <subfield code="a">Falter &amp; Sohn</subfield>
        <subfield code="0">40003432</subfield>
        <subfield code="4">pbl</subfield>
    </datafield>
    <datafield tag="710" ind1=" " ind2=" ">
        <subfield code="a">Schott, Bernhard, Söhne</subfield>
        <subfield code="0">40009876</subfield>
        <subfield code="4">pbl</subfield>
    </datafield>
    <datafield tag="710" ind1=" " ind2=" ">
        <subfield code="a">Schott, Bernhard, Söhne</subfield>
        <subfield code="0">40009876</subfield>
        <subfield code="4">pbl</subfield>
    </datafield>
    <datafield tag="710" ind1=" " ind2=" ">
        <subfield code="a">Schott, Adam Joseph</subfield>
        <subfield code="0">40009858</subfield>
        <subfield code="4">pbl</subfield>
    </datafield>
    <datafield tag="775" ind1=" " ind2=" ">
        <subfield code="w">00000990043211</subfield>
    </datafield>
    <datafield tag="852" ind1="1" ind2="0">
        <subfield code="a">D-Mmb</subfield>
        <subfield code="x">30000888</subfield>
    </datafield>
</record>