
<record>
    <leader>00000ccm a2200000   4500</leader>
    <controlfield tag="001">00000991026823</controlfield>
    <controlfield tag="005">20140122084612.0</controlfield>
    <datafield tag="028" ind1="2" ind2="0">
        <subfield code="a">837</subfield>
    </datafield>
    <datafield tag="035" ind1=" " ind2=" ">
        <subfield code="a">MM 4558a</subfield>
    </datafield>
    <datafield tag="100" ind1="1" ind2=" ">
        <subfield code="a">Mozart, Wolfgang Amadeus</subfield>
        <subfield code="d">1756-1791</subfield>
        <subfield code="0">115324</subfield>
    </datafield>
    <datafield tag="240" ind1="1" ind2="0">
        <subfield code="a">Operas</subfield>
        <subfield code="m">V, orch, pf (orch)</subfield>
        <subfield code="n">KV. 527/13</subfield>
        <subfield code="0">40000025</subfield>
    </datafield>
    <datafield tag="245" ind1="1" ind2="0">
        <subfield code="a">Batti, batti, o bel Masetto. Arie</subfield>
    </datafield>
    <datafield tag="300" ind1="1" ind2="0">
        <subfield code="a">St</subfield>
    </datafield>
    <datafield tag="490" ind1="1" ind2="0">
        <subfield code="a">A/I</subfield>
    </datafield>
    <datafield tag="593" ind1="1" ind2="0">
        <subfield code="a">print</subfield>
    </datafield>
    <datafield tag="597" ind1="1" ind2="0">
        <subfield code="a">Braunschweig, Musikalisches Magazin auf der Höhe</subfield>
    </datafield>
    <datafield tag="710" ind1=" " ind2=" ">
        <subfield code="a">Musikalisches Magazin auf der Höhe</subfield>
        <subfield code="0">40007815</subfield>
        <subfield code="4">pbl</subfield>
    </datafield>
    <datafield tag="852" ind1="1" ind2="0">
        <subfield code="a">RUS-Mrg</subfield>
        <subfield code="x">30002528</subfield>
    </datafield>
</record>