
<record>
    <leader>00000ccm a2200000   4500</leader>
    <controlfield tag="001">00000991026796</controlfield>
    <controlfield tag="005">20140122084612.0</controlfield>
    <datafield tag="028" ind1="2" ind2="0">
        <subfield code="a">116</subfield>
    </datafield>
    <datafield tag="035" ind1=" " ind2=" ">
        <subfield code="a">MM 4522b</subfield>
    </datafield>
    <datafield tag="100" ind1="1" ind2=" ">
        <subfield code="a">Mozart, Wolfgang Amadeus</subfield>
        <subfield code="d">1756-1791</subfield>
        <subfield code="0">115324</subfield>
    </datafield>
    <datafield tag="240" ind1="1" ind2="0">
        <subfield code="a">Operas</subfield>
        <subfield code="m">X V, clav</subfield>
        <subfield code="0">40000025</subfield>
    </datafield>
    <datafield tag="245" ind1="1" ind2="0">
        <subfield code="a">Don Juan. Oper in zwei Aufzügen von W. A. Mozart. Vollständiger Clavier-Auszug mit ital. und deutsch. Texte</subfield>
    </datafield>
    <datafield tag="300" ind1="1" ind2="0">
        <subfield code="a">KLA</subfield>
    </datafield>
    <datafield tag="490" ind1="1" ind2="0">
        <subfield code="a">A/I</subfield>
    </datafield>
    <datafield tag="593" ind1="1" ind2="0">
        <subfield code="a">print</subfield>
    </datafield>
    <datafield tag="597" ind1="1" ind2="0">
        <subfield code="a">Braunschweig, G. M. Meyer jr. (gestochen von W. Mittelhaus)</subfield>
    </datafield>
    <datafield tag="700" ind1="1" ind2="0">
        <subfield code="a">Mittelhaus, W.</subfield>
        <subfield code="0">30060854</subfield>
        <subfield code="4">prt</subfield>
    </datafield>
    <datafield tag="710" ind1=" " ind2=" ">
        <subfield code="a">Meyer, Gottfried Martin (W. Mittelhaus)</subfield>
        <subfield code="0">40091327</subfield>
        <subfield code="4">pbl</subfield>
    </datafield>
    <datafield tag="852" ind1="1" ind2="0">
        <subfield code="a">CZ-Pu</subfield>
        <subfield code="x">30000083</subfield>
    </datafield>
    <datafield tag="852" ind1="1" ind2="0">
        <subfield code="a">D-Bhm</subfield>
        <subfield code="q">p. 1: gestochen von W. Mittelhaus</subfield>
        <subfield code="x">30000659</subfield>
    </datafield>
    <datafield tag="852" ind1="1" ind2="0">
        <subfield code="a">D-LÜmh</subfield>
        <subfield code="x">30004308</subfield>
    </datafield>
</record>