
<record>
    <leader>00000ccm a2200000   4500</leader>
    <controlfield tag="001">00000991026795</controlfield>
    <controlfield tag="005">20141009084234.0</controlfield>
    <datafield tag="028" ind1="2" ind2="0">
        <subfield code="a">238</subfield>
    </datafield>
    <datafield tag="035" ind1=" " ind2=" ">
        <subfield code="a">MM 4522a</subfield>
    </datafield>
    <datafield tag="100" ind1="1" ind2=" ">
        <subfield code="a">Mozart, Wolfgang Amadeus</subfield>
        <subfield code="d">1756-1791</subfield>
        <subfield code="0">115324</subfield>
    </datafield>
    <datafield tag="240" ind1="1" ind2="0">
        <subfield code="a">Operas</subfield>
        <subfield code="0">40000025</subfield>
    </datafield>
    <datafield tag="246" ind1="1" ind2="0">
        <subfield code="a">[previous entry:] Don Juan. Große Oper in zwey Aufzügen, von W. A. Mozart, in vollständigem Clavierauszug, mit deutsch und italienischem Texte und zugleich für das Piano-Forte allein ...</subfield>
    </datafield>
    <datafield tag="300" ind1="1" ind2="0">
        <subfield code="a">KLA</subfield>
    </datafield>
    <datafield tag="490" ind1="1" ind2="0">
        <subfield code="a">A/I</subfield>
    </datafield>
    <datafield tag="593" ind1="1" ind2="0">
        <subfield code="a">print</subfield>
    </datafield>
    <datafield tag="597" ind1="1" ind2="0">
        <subfield code="a">Mannheim, K. F. Heckel</subfield>
    </datafield>
    <datafield tag="710" ind1=" " ind2=" ">
        <subfield code="a">Heckel, Karl Ferdinand</subfield>
        <subfield code="0">40004825</subfield>
        <subfield code="4">pbl</subfield>
    </datafield>
    <datafield tag="775" ind1=" " ind2=" ">
        <subfield code="w">00000990043092</subfield>
    </datafield>
    <datafield tag="852" ind1="1" ind2="0">
        <subfield code="a">D-Bmi</subfield>
        <subfield code="x">30001080</subfield>
    </datafield>
</record>