
<record>
    <leader>00000ccm a2200000   4500</leader>
    <controlfield tag="001">00000991026768</controlfield>
    <controlfield tag="005">20140122084611.0</controlfield>
    <datafield tag="028" ind1="2" ind2="0">
        <subfield code="a">A 83</subfield>
    </datafield>
    <datafield tag="035" ind1=" " ind2=" ">
        <subfield code="a">MM 4493a</subfield>
    </datafield>
    <datafield tag="100" ind1="1" ind2=" ">
        <subfield code="a">Mozart, Wolfgang Amadeus</subfield>
        <subfield code="d">1756-1791</subfield>
        <subfield code="0">115324</subfield>
    </datafield>
    <datafield tag="240" ind1="1" ind2="0">
        <subfield code="a">Operas</subfield>
        <subfield code="m">pf, arp (pf)</subfield>
        <subfield code="0">40000025</subfield>
    </datafield>
    <datafield tag="245" ind1="1" ind2="0">
        <subfield code="a">Duo du Mariage de Figaro, chanté par Mr. et Mme Bianchi ... arrangée pour piano ou harpe</subfield>
    </datafield>
    <datafield tag="490" ind1="1" ind2="0">
        <subfield code="a">A/I</subfield>
    </datafield>
    <datafield tag="593" ind1="1" ind2="0">
        <subfield code="a">print</subfield>
    </datafield>
    <datafield tag="597" ind1="1" ind2="0">
        <subfield code="a">Bruxelles, Weissenbruch</subfield>
    </datafield>
    <datafield tag="710" ind1=" " ind2=" ">
        <subfield code="a">Weissenbruch</subfield>
        <subfield code="0">40011292</subfield>
        <subfield code="4">pbl</subfield>
    </datafield>
    <datafield tag="852" ind1="1" ind2="0">
        <subfield code="a">NL-At</subfield>
        <subfield code="x">30002021</subfield>
    </datafield>
</record>