
<record>
    <leader>00000ccm a2200000   4500</leader>
    <controlfield tag="001">00000991026663</controlfield>
    <controlfield tag="005">20140922132411.0</controlfield>
    <datafield tag="028" ind1="2" ind2="0">
        <subfield code="a">830</subfield>
    </datafield>
    <datafield tag="035" ind1=" " ind2=" ">
        <subfield code="a">MM 4319b</subfield>
    </datafield>
    <datafield tag="100" ind1="1" ind2=" ">
        <subfield code="a">Mozart, Wolfgang Amadeus</subfield>
        <subfield code="d">1756-1791</subfield>
        <subfield code="0">115324</subfield>
    </datafield>
    <datafield tag="240" ind1="1" ind2="0">
        <subfield code="a">Singspiele</subfield>
        <subfield code="m">guit</subfield>
        <subfield code="0">40000008</subfield>
    </datafield>
    <datafield tag="245" ind1="1" ind2="0">
        <subfield code="a">Hier soll ich dich denn sehen ...</subfield>
    </datafield>
    <datafield tag="246" ind1="1" ind2="0">
        <subfield code="a">[previous entry:] N|o 20 du recueil des chansons avec accompagnement de guitarre. Aus der Entführung, von Mozart. N|o 20. Romance "Im Mohrenland gefangen war ... "</subfield>
    </datafield>
    <datafield tag="490" ind1="1" ind2="0">
        <subfield code="a">A/I</subfield>
    </datafield>
    <datafield tag="593" ind1="1" ind2="0">
        <subfield code="a">print</subfield>
    </datafield>
    <datafield tag="597" ind1="1" ind2="0">
        <subfield code="a">Worms, Götz</subfield>
    </datafield>
    <datafield tag="710" ind1=" " ind2=" ">
        <subfield code="a">Götz, Johann Michael</subfield>
        <subfield code="0">40004207</subfield>
        <subfield code="4">pbl</subfield>
    </datafield>
    <datafield tag="775" ind1=" " ind2=" ">
        <subfield code="w">00000990042888</subfield>
    </datafield>
    <datafield tag="852" ind1="1" ind2="0">
        <subfield code="a">D-SPlb</subfield>
        <subfield code="x">30001006</subfield>
    </datafield>
</record>