
<record>
    <leader>00000ccm a2200000   4500</leader>
    <controlfield tag="001">00000991026637</controlfield>
    <controlfield tag="005">20141009084233.0</controlfield>
    <datafield tag="028" ind1="2" ind2="0">
        <subfield code="a">76</subfield>
    </datafield>
    <datafield tag="035" ind1=" " ind2=" ">
        <subfield code="a">MM 4285a</subfield>
    </datafield>
    <datafield tag="100" ind1="1" ind2=" ">
        <subfield code="a">Mozart, Wolfgang Amadeus</subfield>
        <subfield code="d">1756-1791</subfield>
        <subfield code="0">115324</subfield>
    </datafield>
    <datafield tag="240" ind1="1" ind2="0">
        <subfield code="a">Singspiele</subfield>
        <subfield code="0">40000008</subfield>
    </datafield>
    <datafield tag="246" ind1="1" ind2="0">
        <subfield code="a">[previous entry:] Die Entführung aus dem Serail (L'enlèvement du sérail) von W. A. Mozart. Vollständiger Clavierauszug. Nr. 1 (-21)</subfield>
    </datafield>
    <datafield tag="300" ind1="1" ind2="0">
        <subfield code="a">KLA</subfield>
    </datafield>
    <datafield tag="490" ind1="1" ind2="0">
        <subfield code="a">A/I</subfield>
    </datafield>
    <datafield tag="593" ind1="1" ind2="0">
        <subfield code="a">print</subfield>
    </datafield>
    <datafield tag="597" ind1="1" ind2="0">
        <subfield code="a">Bonn, Köln, N. Simrock</subfield>
    </datafield>
    <datafield tag="710" ind1=" " ind2=" ">
        <subfield code="a">Simrock, Nicolaus</subfield>
        <subfield code="0">40010191</subfield>
        <subfield code="4">pbl</subfield>
    </datafield>
    <datafield tag="710" ind1=" " ind2=" ">
        <subfield code="a">Simrock, Nicolaus</subfield>
        <subfield code="0">40010191</subfield>
        <subfield code="4">pbl</subfield>
    </datafield>
    <datafield tag="775" ind1=" " ind2=" ">
        <subfield code="w">00000990042856</subfield>
    </datafield>
    <datafield tag="852" ind1="1" ind2="0">
        <subfield code="a">D-BNba</subfield>
        <subfield code="q">4, 9, 13, 15</subfield>
        <subfield code="x">30000692</subfield>
    </datafield>
</record>