
<record>
    <leader>00000ccm a2200000   4500</leader>
    <controlfield tag="001">00000991026611</controlfield>
    <controlfield tag="005">20140122084610.0</controlfield>
    <datafield tag="035" ind1=" " ind2=" ">
        <subfield code="a">MM 4238b</subfield>
    </datafield>
    <datafield tag="100" ind1="1" ind2=" ">
        <subfield code="a">Mozart, Wolfgang Amadeus</subfield>
        <subfield code="d">1756-1791</subfield>
        <subfield code="0">115324</subfield>
    </datafield>
    <datafield tag="240" ind1="1" ind2="0">
        <subfield code="a">Operas</subfield>
        <subfield code="m">2 vl, 2 t-vla, vlc, b, fl</subfield>
        <subfield code="n">KV. 366;  KV. 588;  KV. 621</subfield>
        <subfield code="0">40000025</subfield>
    </datafield>
    <datafield tag="245" ind1="1" ind2="0">
        <subfield code="a">Mozart's grand ouvertures to La clemenza di Tito, Idomeneo, &amp; Cosi fan tutte adapted for two violins, german flute, two tenors, violoncelle &amp; double bass or two violoncellos by G. Masi</subfield>
    </datafield>
    <datafield tag="300" ind1="1" ind2="0">
        <subfield code="a">St</subfield>
    </datafield>
    <datafield tag="490" ind1="1" ind2="0">
        <subfield code="a">A/I</subfield>
    </datafield>
    <datafield tag="593" ind1="1" ind2="0">
        <subfield code="a">print</subfield>
    </datafield>
    <datafield tag="597" ind1="1" ind2="0">
        <subfield code="a">London, Monzani &amp; Hill</subfield>
    </datafield>
    <datafield tag="710" ind1=" " ind2=" ">
        <subfield code="a">Monzani &amp; Hill</subfield>
        <subfield code="0">40007649</subfield>
        <subfield code="4">pbl</subfield>
    </datafield>
    <datafield tag="852" ind1="1" ind2="0">
        <subfield code="a">GB-SHE</subfield>
        <subfield code="x">30001650</subfield>
    </datafield>
</record>