
<record>
    <leader>00000ccm a2200000   4500</leader>
    <controlfield tag="001">00000991026556</controlfield>
    <controlfield tag="005">20141009084232.0</controlfield>
    <datafield tag="028" ind1="2" ind2="0">
        <subfield code="a">1040</subfield>
    </datafield>
    <datafield tag="035" ind1=" " ind2=" ">
        <subfield code="a">MM 4160a</subfield>
    </datafield>
    <datafield tag="100" ind1="1" ind2=" ">
        <subfield code="a">Mozart, Wolfgang Amadeus</subfield>
        <subfield code="d">1756-1791</subfield>
        <subfield code="0">115324</subfield>
    </datafield>
    <datafield tag="240" ind1="1" ind2="0">
        <subfield code="a">Masonic music</subfield>
        <subfield code="0">40000122</subfield>
    </datafield>
    <datafield tag="246" ind1="1" ind2="0">
        <subfield code="a">[previous entry:] Die Maurerfreude. Eine Kantate, gesungen am 24. April 1785 zu Ehren des H. v. Br: B .. n von den B. B. der Loge zur G. H. im O .... t von Wien. Die Worte von Br: P .. n, die Musik von Br: W. A. Mozart</subfield>
    </datafield>
    <datafield tag="490" ind1="1" ind2="0">
        <subfield code="a">A/I</subfield>
    </datafield>
    <datafield tag="593" ind1="1" ind2="0">
        <subfield code="a">print</subfield>
    </datafield>
    <datafield tag="597" ind1="1" ind2="0">
        <subfield code="a">Leipzig, Kühnel</subfield>
    </datafield>
    <datafield tag="710" ind1=" " ind2=" ">
        <subfield code="a">Kühnel, Ambrosius (Bureau de Musique)</subfield>
        <subfield code="0">40012320</subfield>
        <subfield code="4">pbl</subfield>
    </datafield>
    <datafield tag="775" ind1=" " ind2=" ">
        <subfield code="w">00000990042730</subfield>
    </datafield>
    <datafield tag="852" ind1="1" ind2="0">
        <subfield code="a">US-BETm</subfield>
        <subfield code="x">30002214</subfield>
    </datafield>
</record>