
<record>
    <leader>00000ccm a2200000   4500</leader>
    <controlfield tag="001">00000991026566</controlfield>
    <controlfield tag="005">20140922132358.0</controlfield>
    <datafield tag="035" ind1=" " ind2=" ">
        <subfield code="a">MM 4175a</subfield>
    </datafield>
    <datafield tag="100" ind1="1" ind2=" ">
        <subfield code="a">Mozart, Wolfgang Amadeus</subfield>
        <subfield code="d">1756-1791</subfield>
        <subfield code="0">115324</subfield>
    </datafield>
    <datafield tag="240" ind1="1" ind2="0">
        <subfield code="a">Cantatas</subfield>
        <subfield code="m">3 V, orch, org (orch), pf (orch)</subfield>
        <subfield code="0">40000005</subfield>
    </datafield>
    <datafield tag="245" ind1="1" ind2="0">
        <subfield code="a">Tutte le mie speranze. Chant religieux à trois voix en partition d'orchestre ou avec orgue ou piano par Fr. Dietrick</subfield>
    </datafield>
    <datafield tag="246" ind1="1" ind2="0">
        <subfield code="a">[previous entry:] Cantate. "Alles was ich hoffe", "Tutte le mie speranze", "Toute mon espérance", für 3 Singstimmen, von W. A. Mozart. Im Clavierauszuge von C. Zulehner</subfield>
    </datafield>
    <datafield tag="300" ind1="1" ind2="0">
        <subfield code="a">P</subfield>
    </datafield>
    <datafield tag="490" ind1="1" ind2="0">
        <subfield code="a">A/I</subfield>
    </datafield>
    <datafield tag="593" ind1="1" ind2="0">
        <subfield code="a">print</subfield>
    </datafield>
    <datafield tag="597" ind1="1" ind2="0">
        <subfield code="a">Paris, P. Porro</subfield>
    </datafield>
    <datafield tag="710" ind1=" " ind2=" ">
        <subfield code="a">Porro, Pierre-Jean</subfield>
        <subfield code="0">40008623</subfield>
        <subfield code="4">pbl</subfield>
    </datafield>
    <datafield tag="775" ind1=" " ind2=" ">
        <subfield code="w">00000990042748</subfield>
    </datafield>
    <datafield tag="852" ind1="1" ind2="0">
        <subfield code="a">CH-N</subfield>
        <subfield code="x">30000233</subfield>
    </datafield>
</record>