
<record>
    <leader>00000ccm a2200000   4500</leader>
    <controlfield tag="001">00000991026530</controlfield>
    <controlfield tag="005">20140922132355.0</controlfield>
    <datafield tag="028" ind1="2" ind2="0">
        <subfield code="a">2753</subfield>
    </datafield>
    <datafield tag="035" ind1=" " ind2=" ">
        <subfield code="a">MM 4126a</subfield>
    </datafield>
    <datafield tag="100" ind1="1" ind2=" ">
        <subfield code="a">Mozart, Wolfgang Amadeus</subfield>
        <subfield code="d">1756-1791</subfield>
        <subfield code="0">115324</subfield>
    </datafield>
    <datafield tag="240" ind1="1" ind2="0">
        <subfield code="a">Hymns</subfield>
        <subfield code="m">X V, 2 vl, vla, b, 2 ob, 2 cl (2 ob), 2 fag, 2 tr, timp, org</subfield>
        <subfield code="n">KV. 66b</subfield>
        <subfield code="0">40000028</subfield>
    </datafield>
    <datafield tag="245" ind1="1" ind2="0">
        <subfield code="a">Te Deum laudamus parties d'orchestre, 2 violons, 2 hautbois ou clarinettes, 2 bassons, 2 trompettes, tympanies, alto, contra-basse et orgues</subfield>
    </datafield>
    <datafield tag="246" ind1="1" ind2="0">
        <subfield code="a">[previous entry:] Te Deum [C] a 4 voci, coll'accompagnamento di due violini, bassi, e organo, composto da W. A. Mozart. Partitura. Te Deum von W. A. Mozart, mit unterlegtem deutschen Texte von Prof. C. A. H. Clodius</subfield>
    </datafield>
    <datafield tag="300" ind1="1" ind2="0">
        <subfield code="a">St</subfield>
    </datafield>
    <datafield tag="490" ind1="1" ind2="0">
        <subfield code="a">A/I</subfield>
    </datafield>
    <datafield tag="593" ind1="1" ind2="0">
        <subfield code="a">print</subfield>
    </datafield>
    <datafield tag="597" ind1="1" ind2="0">
        <subfield code="a">Bonn, N. Simrock</subfield>
    </datafield>
    <datafield tag="710" ind1=" " ind2=" ">
        <subfield code="a">Simrock, Nicolaus</subfield>
        <subfield code="0">40010191</subfield>
        <subfield code="4">pbl</subfield>
    </datafield>
    <datafield tag="775" ind1=" " ind2=" ">
        <subfield code="w">00000990042698</subfield>
    </datafield>
    <datafield tag="852" ind1="1" ind2="0">
        <subfield code="a">D-B</subfield>
        <subfield code="x">30000655</subfield>
    </datafield>
    <datafield tag="852" ind1="1" ind2="0">
        <subfield code="a">D-Bhm</subfield>
        <subfield code="x">30000659</subfield>
    </datafield>
    <datafield tag="852" ind1="1" ind2="0">
        <subfield code="a">D-Dl</subfield>
        <subfield code="x">30000042</subfield>
    </datafield>
    <datafield tag="852" ind1="1" ind2="0">
        <subfield code="a">D-GLAU</subfield>
        <subfield code="x">30001150</subfield>
    </datafield>
    <datafield tag="852" ind1="1" ind2="0">
        <subfield code="a">N-T</subfield>
        <subfield code="x">30000147</subfield>
    </datafield>
</record>