
<record>
    <leader>00000ccm a2200000   4500</leader>
    <controlfield tag="001">00000991026518</controlfield>
    <controlfield tag="005">20140122084609.0</controlfield>
    <datafield tag="028" ind1="2" ind2="0">
        <subfield code="a">7146</subfield>
    </datafield>
    <datafield tag="035" ind1=" " ind2=" ">
        <subfield code="a">MM 4115a</subfield>
    </datafield>
    <datafield tag="100" ind1="1" ind2=" ">
        <subfield code="a">Mozart, Wolfgang Amadeus</subfield>
        <subfield code="d">1756-1791</subfield>
        <subfield code="0">115324</subfield>
    </datafield>
    <datafield tag="240" ind1="1" ind2="0">
        <subfield code="a">Litanies</subfield>
        <subfield code="m">4 V, 2 vl, vla, vlc, cb, 2 fl, 2 ob, 2 fag, 2 cor, 2 tr, 3 trb, timp, org</subfield>
        <subfield code="n">KV. 243/5</subfield>
        <subfield code="0">40000056</subfield>
    </datafield>
    <datafield tag="245" ind1="1" ind2="0">
        <subfield code="a">Offertorium (Tremendum ac vivificum) für 4 Singstimmen, 2 Violinen, Viola, 2 Oboen, 2 Flöten, 2 Fagott, 2 Hörner, 3 Trombonen, 2 Trompeten und Pauken, Violoncell, Contrabass und Orgel</subfield>
    </datafield>
    <datafield tag="300" ind1="1" ind2="0">
        <subfield code="a">P</subfield>
    </datafield>
    <datafield tag="490" ind1="1" ind2="0">
        <subfield code="a">A/I</subfield>
    </datafield>
    <datafield tag="593" ind1="1" ind2="0">
        <subfield code="a">print</subfield>
    </datafield>
    <datafield tag="597" ind1="1" ind2="0">
        <subfield code="a">Wien, A. Diabelli &amp; Co.</subfield>
    </datafield>
    <datafield tag="710" ind1=" " ind2=" ">
        <subfield code="a">Diabelli, Anton</subfield>
        <subfield code="0">40002995</subfield>
        <subfield code="4">pbl</subfield>
    </datafield>
    <datafield tag="852" ind1="1" ind2="0">
        <subfield code="a">H-P</subfield>
        <subfield code="x">30000260</subfield>
    </datafield>
    <datafield tag="852" ind1="1" ind2="0">
        <subfield code="a">NL-At</subfield>
        <subfield code="x">30002021</subfield>
    </datafield>
</record>