
<record>
    <leader>00000ccm a2200000   4500</leader>
    <controlfield tag="001">00000991026488</controlfield>
    <controlfield tag="005">20140922132352.0</controlfield>
    <datafield tag="035" ind1=" " ind2=" ">
        <subfield code="a">MM 4065a</subfield>
    </datafield>
    <datafield tag="100" ind1="1" ind2=" ">
        <subfield code="a">Mozart, Wolfgang Amadeus</subfield>
        <subfield code="d">1756-1791</subfield>
        <subfield code="0">115324</subfield>
    </datafield>
    <datafield tag="240" ind1="1" ind2="0">
        <subfield code="a">Requiems</subfield>
        <subfield code="0">40000101</subfield>
    </datafield>
    <datafield tag="245" ind1="1" ind2="0">
        <subfield code="a">Requiem von Mozart</subfield>
    </datafield>
    <datafield tag="246" ind1="1" ind2="0">
        <subfield code="a">[previous entry:] [Umschlag:] Oeuvres de Mozart. Messe de Requiem. No. I des partitions en 2 cahiers. [Vorsatzblatt:] W. A. Mozarti Missa pro defunctis. Requiem. W. A. Mozarts Seelenmesse mit untergelegtem deutschem Texte</subfield>
    </datafield>
    <datafield tag="300" ind1="1" ind2="0">
        <subfield code="a">St</subfield>
    </datafield>
    <datafield tag="490" ind1="1" ind2="0">
        <subfield code="a">A/I</subfield>
    </datafield>
    <datafield tag="593" ind1="1" ind2="0">
        <subfield code="a">print</subfield>
    </datafield>
    <datafield tag="597" ind1="1" ind2="0">
        <subfield code="a">Berlin, T. Trautwein</subfield>
    </datafield>
    <datafield tag="710" ind1=" " ind2=" ">
        <subfield code="a">Trautwein, Traugott</subfield>
        <subfield code="0">40010816</subfield>
        <subfield code="4">pbl</subfield>
    </datafield>
    <datafield tag="775" ind1=" " ind2=" ">
        <subfield code="w">00000990042626</subfield>
    </datafield>
    <datafield tag="852" ind1="1" ind2="0">
        <subfield code="a">D-GLAU</subfield>
        <subfield code="q">S, A, T, B</subfield>
        <subfield code="x">30001150</subfield>
    </datafield>
    <datafield tag="852" ind1="1" ind2="0">
        <subfield code="a">D-HAmi</subfield>
        <subfield code="x">30000046</subfield>
    </datafield>
    <datafield tag="852" ind1="1" ind2="0">
        <subfield code="a">D-SPlb</subfield>
        <subfield code="q">S, T, B</subfield>
        <subfield code="x">30001006</subfield>
    </datafield>
</record>