
<record>
    <leader>00000ccm a2200000   4500</leader>
    <controlfield tag="001">00000991026501</controlfield>
    <controlfield tag="005">20140922132352.0</controlfield>
    <datafield tag="028" ind1="2" ind2="0">
        <subfield code="a">2785</subfield>
    </datafield>
    <datafield tag="035" ind1=" " ind2=" ">
        <subfield code="a">MM 4086a</subfield>
    </datafield>
    <datafield tag="100" ind1="1" ind2=" ">
        <subfield code="a">Mozart, Wolfgang Amadeus</subfield>
        <subfield code="d">1756-1791</subfield>
        <subfield code="0">115324</subfield>
    </datafield>
    <datafield tag="240" ind1="1" ind2="0">
        <subfield code="a">Requiems</subfield>
        <subfield code="m">pf</subfield>
        <subfield code="0">40000101</subfield>
    </datafield>
    <datafield tag="245" ind1="1" ind2="0">
        <subfield code="a">W. A. Mozart's Requiem für das Pianoforte allein mit Hinweglassung der Worte ... von Carl Czerny</subfield>
    </datafield>
    <datafield tag="246" ind1="1" ind2="0">
        <subfield code="a">[previous entry:] Fuga ricavata dal famoso Requiem di Mozart, messa per il piano-forte dal Sigr. Muzio Clementi</subfield>
    </datafield>
    <datafield tag="490" ind1="1" ind2="0">
        <subfield code="a">A/I</subfield>
    </datafield>
    <datafield tag="593" ind1="1" ind2="0">
        <subfield code="a">print</subfield>
    </datafield>
    <datafield tag="597" ind1="1" ind2="0">
        <subfield code="a">Wien, A. Diabelli &amp; Co.</subfield>
    </datafield>
    <datafield tag="710" ind1=" " ind2=" ">
        <subfield code="a">Diabelli, Anton</subfield>
        <subfield code="0">40002995</subfield>
        <subfield code="4">pbl</subfield>
    </datafield>
    <datafield tag="775" ind1=" " ind2=" ">
        <subfield code="w">00000990042659</subfield>
    </datafield>
    <datafield tag="852" ind1="1" ind2="0">
        <subfield code="a">D-BMs</subfield>
        <subfield code="x">30000691</subfield>
    </datafield>
    <datafield tag="852" ind1="1" ind2="0">
        <subfield code="a">D-LEm</subfield>
        <subfield code="x">30000053</subfield>
    </datafield>
    <datafield tag="852" ind1="1" ind2="0">
        <subfield code="a">H-Bn</subfield>
        <subfield code="x">30000134</subfield>
    </datafield>
    <datafield tag="852" ind1="1" ind2="0">
        <subfield code="a">H-SFk</subfield>
        <subfield code="x">30001713</subfield>
    </datafield>
    <datafield tag="852" ind1="1" ind2="0">
        <subfield code="a">NL-DHgm</subfield>
        <subfield code="x">30002028</subfield>
    </datafield>
</record>