
<record>
    <leader>00000ccm a2200000   4500</leader>
    <controlfield tag="001">00000991026467</controlfield>
    <controlfield tag="005">20140922132352.0</controlfield>
    <datafield tag="028" ind1="2" ind2="0">
        <subfield code="a">M. M. 180</subfield>
    </datafield>
    <datafield tag="035" ind1=" " ind2=" ">
        <subfield code="a">MM 4043a</subfield>
    </datafield>
    <datafield tag="100" ind1="1" ind2=" ">
        <subfield code="a">Mozart, Wolfgang Amadeus</subfield>
        <subfield code="d">1756-1791</subfield>
        <subfield code="0">115324</subfield>
    </datafield>
    <datafield tag="240" ind1="1" ind2="0">
        <subfield code="a">Masses</subfield>
        <subfield code="m">4 V, X V, orch</subfield>
        <subfield code="0">40000004</subfield>
    </datafield>
    <datafield tag="245" ind1="1" ind2="0">
        <subfield code="a">Musique sacrée, N|o 1. Messe en partition à 4 voix, choeur, parties d'orchestre séparées et basse chiffrée pour l'orgue ou le piano</subfield>
    </datafield>
    <datafield tag="246" ind1="1" ind2="0">
        <subfield code="a">[previous entry:] [Vortitel.:] Collezzione di musica da chiesa N|o 1. Messa [F] posta in musica dal Signore W. A. Mozart. Spartizione N|o 1</subfield>
    </datafield>
    <datafield tag="300" ind1="1" ind2="0">
        <subfield code="a">P</subfield>
    </datafield>
    <datafield tag="490" ind1="1" ind2="0">
        <subfield code="a">A/I</subfield>
    </datafield>
    <datafield tag="593" ind1="1" ind2="0">
        <subfield code="a">print</subfield>
    </datafield>
    <datafield tag="597" ind1="1" ind2="0">
        <subfield code="a">Paris, P. Porro</subfield>
    </datafield>
    <datafield tag="710" ind1=" " ind2=" ">
        <subfield code="a">Porro, Pierre-Jean</subfield>
        <subfield code="0">40008623</subfield>
        <subfield code="4">pbl</subfield>
    </datafield>
    <datafield tag="775" ind1=" " ind2=" ">
        <subfield code="w">00000990042618</subfield>
    </datafield>
    <datafield tag="852" ind1="1" ind2="0">
        <subfield code="a">P-Lf</subfield>
        <subfield code="x">30000080</subfield>
    </datafield>
    <datafield tag="852" ind1="1" ind2="0">
        <subfield code="a">RUS-Mrg</subfield>
        <subfield code="x">30002528</subfield>
    </datafield>
    <datafield tag="852" ind1="1" ind2="0">
        <subfield code="a">US-CAe</subfield>
        <subfield code="x">30003169</subfield>
    </datafield>
</record>